<?xml version="1.0" encoding="UTF-8"?>
<!DOCTYPE html PUBLIC "-//W3C//DTD XHTML 1.0 Transitional//EN"
    "http://www.w3.org/TR/xhtml1/DTD/xhtml1-transitional.dtd">
<html xmlns="http://www.w3.org/1999/xhtml" xml:lang="en" lang="en">
 <head>
  <title>
</title>
<meta http-equiv="Content-Type" content="text/html;charset=utf-8" />
  <meta name='ocr-system' content='tesseract 3.04.00' />
  <meta name='ocr-capabilities' content='ocr_page ocr_carea ocr_par ocr_line ocrx_word'/>
</head>
<body>
  <div class='ocr_page' id='page_1' title='image "./fundamentachymi00stahgoog_0416.png"; bbox 0 0 3472 4822; ppageno 0'>
   <div class='ocr_carea' id='block_1_1' title="bbox 432 195 1659 427">
    <p class='ocr_par' dir='ltr' id='par_1_1' title="bbox 432 195 1659 427">
     <span class='ocr_line' id='line_1_1' title="bbox 432 195 1659 427; baseline -0.04 -44"><span class='ocrx_word' id='word_1_1' title='bbox 432 272 678 409; x_wconf 72' lang='lat' dir='ltr'>dogmatice</span> <span class='ocrx_word' id='word_1_2' title='bbox 696 270 1143 408; x_wconf 64' lang='lat' dir='ltr'>&amp;experimentalie</span> <span class='ocrx_word' id='word_1_3' title='bbox 1375 297 1504 427; x_wconf 66' lang='lat'>,37</span> <span class='ocrx_word' id='word_1_4' title='bbox 1551 195 1554 203; x_wconf 30' lang='lat'>⁵</span> <span class='ocrx_word' id='word_1_5' title='bbox 1650 278 1659 291; x_wconf 80' lang='grc'><strong><em>·</em></strong></span> 
     </span>
    </p>
   </div>
   <div class='ocr_carea' id='block_1_2' title="bbox 121 472 1476 3041">
    <p class='ocr_par' dir='ltr' id='par_1_2' title="bbox 121 472 1476 1435">
     <span class='ocr_line' id='line_1_2' title="bbox 121 472 1476 577; baseline 0.002 -27"><span class='ocrx_word' id='word_1_6' title='bbox 121 494 197 575; x_wconf 80' lang='lat' dir='ltr'>pie,</span> <span class='ocrx_word' id='word_1_7' title='bbox 224 472 338 551; x_wconf 83' lang='lat' dir='ltr'>&amp;alia</span> <span class='ocrx_word' id='word_1_8' title='bbox 355 472 402 551; x_wconf 86' lang='lat' dir='ltr'>ad</span> <span class='ocrx_word' id='word_1_9' title='bbox 427 474 565 551; x_wconf 89' lang='lat' dir='ltr'>horum</span> <span class='ocrx_word' id='word_1_10' title='bbox 594 475 840 553; x_wconf 85' lang='lat' dir='ltr'>imitationem</span> <span class='ocrx_word' id='word_1_11' title='bbox 861 472 1049 577; x_wconf 77' lang='lat' dir='ltr'>parabilia,</span> <span class='ocrx_word' id='word_1_12' title='bbox 1072 474 1163 550; x_wconf 88' lang='lat' dir='ltr'>lieet</span> <span class='ocrx_word' id='word_1_13' title='bbox 1174 474 1299 551; x_wconf 81' lang='lat' dir='ltr'>adnuo</span> <span class='ocrx_word' id='word_1_14' title='bbox 1319 473 1359 551; x_wconf 92' lang='lat' dir='ltr'>in</span> <span class='ocrx_word' id='word_1_15' title='bbox 1370 472 1476 553; x_wconf 89' lang='lat' dir='ltr'>usum</span> 
     </span>
     <span class='ocr_line' id='line_1_3' title="bbox 121 589 1474 781; baseline 0 -34"><span class='ocrx_word' id='word_1_16' title='bbox 121 589 193 747; x_wconf 62' lang='lat' dir='ltr'>llll</span> <span class='ocrx_word' id='word_1_17' title='bbox 205 668 299 781; x_wconf 75' lang='lat' dir='ltr'>jalap</span> <span class='ocrx_word' id='word_1_18' title='bbox 328 692 348 746; x_wconf 89' lang='lat' dir='ltr'>a</span> <span class='ocrx_word' id='word_1_19' title='bbox 367 670 404 745; x_wconf 74' lang='grc' dir='ltr'>ἃ</span> <span class='ocrx_word' id='word_1_20' title='bbox 433 666 664 747; x_wconf 85' lang='lat' dir='ltr'>scammonio</span> <span class='ocrx_word' id='word_1_21' title='bbox 687 666 728 746; x_wconf 88' lang='lat' dir='ltr'>fit</span> <span class='ocrx_word' id='word_1_22' title='bbox 749 668 798 745; x_wconf 86' lang='lat' dir='ltr'>sic</span> <span class='ocrx_word' id='word_1_23' title='bbox 818 668 914 745; x_wconf 77' lang='lat' dir='ltr'>dista</span> <span class='ocrx_word' id='word_1_24' title='bbox 939 670 1080 747; x_wconf 81' lang='lat' dir='ltr'>essentia</span> <span class='ocrx_word' id='word_1_25' title='bbox 1095 668 1157 746; x_wconf 73' lang='lat' dir='ltr'>stu</span> <span class='ocrx_word' id='word_1_26' title='bbox 1171 668 1345 747; x_wconf 73' lang='lat' dir='ltr'>extrastio</span> <span class='ocrx_word' id='word_1_27' title='bbox 1369 670 1474 771; x_wconf 88' lang='lat' dir='ltr'>liqui-</span> 
     </span>
     <span class='ocr_line' id='line_1_4' title="bbox 121 695 1474 943; baseline 0.001 -100"><span class='ocrx_word' id='word_1_28' title='bbox 121 794 221 869; x_wconf 80' lang='lat' dir='ltr'>quae,</span> <span class='ocrx_word' id='word_1_29' title='bbox 249 768 275 844; x_wconf 86' lang='lat' dir='ltr'>li</span> <span class='ocrx_word' id='word_1_30' title='bbox 290 695 436 871; x_wconf 47' lang='lat' dir='ltr'>sitiritus</span> <span class='ocrx_word' id='word_1_31' title='bbox 451 771 528 845; x_wconf 90' lang='lat' dir='ltr'>vini</span> <span class='ocrx_word' id='word_1_32' title='bbox 542 770 616 845; x_wconf 88' lang='lat' dir='ltr'>abi</span> <span class='ocrx_word' id='word_1_33' title='bbox 645 768 680 846; x_wconf 87' lang='lat' dir='ltr'>sa</span> <span class='ocrx_word' id='word_1_34' title='bbox 704 768 944 861; x_wconf 79' lang='lat' dir='ltr'>abstrahatur,</span> <span class='ocrx_word' id='word_1_35' title='bbox 968 766 1113 871; x_wconf 76' lang='lat' dir='ltr'>sparum</span> <span class='ocrx_word' id='word_1_36' title='bbox 1139 769 1174 845; x_wconf 80' lang='lat' dir='ltr'>lli</span> <span class='ocrx_word' id='word_1_37' title='bbox 1201 767 1299 943; x_wconf 64' lang='lat' dir='ltr'>puali</span> <span class='ocrx_word' id='word_1_38' title='bbox 1326 772 1474 871; x_wconf 85' lang='lat' dir='ltr'>piceum</span> 
     </span>
     <span class='ocr_line' id='line_1_5' title="bbox 121 865 1474 968; baseline 0.003 -27"><span class='ocrx_word' id='word_1_39' title='bbox 121 892 164 942; x_wconf 88' lang='lat' dir='ltr'>us</span> <span class='ocrx_word' id='word_1_40' title='bbox 176 865 365 967; x_wconf 80' lang='lat' dir='ltr'>relinquit,</span> <span class='ocrx_word' id='word_1_41' title='bbox 381 867 586 945; x_wconf 68' lang='lat' dir='ltr'>ernastum</span> <span class='ocrx_word' id='word_1_42' title='bbox 638 894 662 944; x_wconf 94' lang='lat' dir='ltr'>u</span> <span class='ocrx_word' id='word_1_43' title='bbox 677 868 791 944; x_wconf 87' lang='lat' dir='ltr'>telina</span> <span class='ocrx_word' id='word_1_44' title='bbox 807 870 988 963; x_wconf 84' lang='lat' dir='ltr'>nominari</span> <span class='ocrx_word' id='word_1_45' title='bbox 1006 866 1178 955; x_wconf 78' lang='lat' dir='ltr'>solitum,</span> <span class='ocrx_word' id='word_1_46' title='bbox 1215 868 1383 968; x_wconf 86' lang='lat' dir='ltr'>ispiritus</span> <span class='ocrx_word' id='word_1_47' title='bbox 1395 870 1474 945; x_wconf 92' lang='lat' dir='ltr'>vini</span> 
     </span>
     <span class='ocr_line' id='line_1_6' title="bbox 121 957 1472 1070; baseline 0.001 -29"><span class='ocrx_word' id='word_1_48' title='bbox 121 965 230 1041; x_wconf 81' lang='lat' dir='ltr'>ioorie</span> <span class='ocrx_word' id='word_1_49' title='bbox 242 962 389 1058; x_wconf 81' lang='lat' dir='ltr'>saltem,</span> <span class='ocrx_word' id='word_1_50' title='bbox 416 990 553 1067; x_wconf 86' lang='lat' dir='ltr'>nempe</span> <span class='ocrx_word' id='word_1_51' title='bbox 569 957 651 1043; x_wconf 81' lang='lat' dir='ltr'>&#39;non</span> <span class='ocrx_word' id='word_1_52' title='bbox 663 991 769 1043; x_wconf 85' lang='lat' dir='ltr'>inere</span> <span class='ocrx_word' id='word_1_53' title='bbox 785 966 1018 1070; x_wconf 83' lang='lat' dir='ltr'>sulphureus,</span> <span class='ocrx_word' id='word_1_54' title='bbox 1043 968 1109 1067; x_wconf 92' lang='lat' dir='ltr'>qui</span> <span class='ocrx_word' id='word_1_55' title='bbox 1126 965 1238 1043; x_wconf 87' lang='lat' dir='ltr'>solam</span> <span class='ocrx_word' id='word_1_56' title='bbox 1249 962 1406 1043; x_wconf 89' lang='lat' dir='ltr'>relinam</span> <span class='ocrx_word' id='word_1_57' title='bbox 1420 982 1472 1043; x_wconf 90' lang='lat' dir='ltr'>te-</span> 
     </span>
     <span class='ocr_line' id='line_1_7' title="bbox 121 1062 1472 1169; baseline 0.001 -30"><span class='ocrx_word' id='word_1_58' title='bbox 121 1066 178 1155; x_wconf 88' lang='lat' dir='ltr'>it,</span> <span class='ocrx_word' id='word_1_59' title='bbox 199 1062 267 1141; x_wconf 85' lang='lat' dir='ltr'>&#39;sed</span> <span class='ocrx_word' id='word_1_60' title='bbox 284 1063 508 1165; x_wconf 83' lang='lat' dir='ltr'>aliquantum</span> <span class='ocrx_word' id='word_1_61' title='bbox 533 1064 704 1165; x_wconf 86' lang='lat' dir='ltr'>aquosus,</span> <span class='ocrx_word' id='word_1_62' title='bbox 732 1067 831 1141; x_wconf 90' lang='lat' dir='ltr'>unde</span> <span class='ocrx_word' id='word_1_63' title='bbox 846 1064 948 1140; x_wconf 83' lang='lat' dir='ltr'>simid</span> <span class='ocrx_word' id='word_1_64' title='bbox 968 1065 1103 1165; x_wconf 92' lang='lat' dir='ltr'>aliquid</span> <span class='ocrx_word' id='word_1_65' title='bbox 1123 1064 1351 1169; x_wconf 84' lang='lat' dir='ltr'>mucilaginis</span> <span class='ocrx_word' id='word_1_66' title='bbox 1369 1066 1472 1141; x_wconf 90' lang='lat' dir='ltr'>imbi-</span> 
     </span>
     <span class='ocr_line' id='line_1_8' title="bbox 124 1161 1472 1263; baseline 0.001 -25"><span class='ocrx_word' id='word_1_67' title='bbox 124 1162 366 1253; x_wconf 86' lang='lat' dir='ltr'>adhibcatur,</span> <span class='ocrx_word' id='word_1_68' title='bbox 388 1162 538 1239; x_wconf 62' lang='lat' dir='ltr'>extracti</span> <span class='ocrx_word' id='word_1_69' title='bbox 556 1190 695 1239; x_wconf 82' lang='lat' dir='ltr'>nornen</span> <span class='ocrx_word' id='word_1_70' title='bbox 710 1164 791 1239; x_wconf 79' lang='lat' dir='ltr'>haec</span> <span class='ocrx_word' id='word_1_71' title='bbox 809 1168 1035 1239; x_wconf 82' lang='lat' dir='ltr'>remanentia</span> <span class='ocrx_word' id='word_1_72' title='bbox 1052 1163 1205 1253; x_wconf 85' lang='lat' dir='ltr'>obtinet,</span> <span class='ocrx_word' id='word_1_73' title='bbox 1230 1165 1316 1240; x_wconf 86' lang='lat' dir='ltr'>&amp;in</span> <span class='ocrx_word' id='word_1_74' title='bbox 1331 1161 1472 1263; x_wconf 82' lang='lat' dir='ltr'>aquosis</span> 
     </span>
     <span class='ocr_line' id='line_1_9' title="bbox 121 1258 1473 1367; baseline 0.002 -30"><span class='ocrx_word' id='word_1_75' title='bbox 121 1266 228 1337; x_wconf 69' lang='lat' dir='ltr'>{nram</span> <span class='ocrx_word' id='word_1_76' title='bbox 242 1279 388 1367; x_wconf 87' lang='lat' dir='ltr'>partem</span> <span class='ocrx_word' id='word_1_77' title='bbox 414 1258 573 1338; x_wconf 91' lang='lat' dir='ltr'>solubilis</span> <span class='ocrx_word' id='word_1_78' title='bbox 599 1264 740 1341; x_wconf 74' lang='lat' dir='ltr'>exiliit:</span> <span class='ocrx_word' id='word_1_79' title='bbox 761 1258 790 1337; x_wconf 86' lang='lat' dir='ltr'>ii</span> <span class='ocrx_word' id='word_1_80' title='bbox 813 1260 930 1353; x_wconf 81' lang='lat' dir='ltr'>secus,</span> <span class='ocrx_word' id='word_1_81' title='bbox 956 1286 1059 1338; x_wconf 90' lang='lat' dir='ltr'>mere</span> <span class='ocrx_word' id='word_1_82' title='bbox 1074 1258 1229 1338; x_wconf 83' lang='lat' dir='ltr'>resinosa</span> <span class='ocrx_word' id='word_1_83' title='bbox 1247 1266 1473 1341; x_wconf 81' lang='lat' dir='ltr'>remanentia</span> 
     </span>
     <span class='ocr_line' id='line_1_10' title="bbox 121 1377 230 1435; baseline 0 0"><span class='ocrx_word' id='word_1_84' title='bbox 121 1377 230 1435; x_wconf 80' lang='lat' dir='ltr'>tanet</span> 
     </span>
    </p>

    <p class='ocr_par' dir='ltr' id='par_1_3' title="bbox 121 1454 1473 2350">
     <span class='ocr_line' id='line_1_11' title="bbox 121 1454 1471 1561; baseline 0.001 -28"><span class='ocrx_word' id='word_1_85' title='bbox 121 1460 269 1535; x_wconf 85' lang='lat' dir='ltr'>sivero</span> <span class='ocrx_word' id='word_1_86' title='bbox 289 1458 370 1536; x_wconf 83' lang='lat' dir='ltr'>haec</span> <span class='ocrx_word' id='word_1_87' title='bbox 391 1460 524 1536; x_wconf 85' lang='lat' dir='ltr'>eadem</span> <span class='ocrx_word' id='word_1_88' title='bbox 545 1456 706 1548; x_wconf 76' lang='lat' dir='ltr'>essentia,</span> <span class='ocrx_word' id='word_1_89' title='bbox 732 1454 860 1560; x_wconf 87' lang='lat' dir='ltr'>spiritu</span> <span class='ocrx_word' id='word_1_90' title='bbox 873 1456 954 1531; x_wconf 91' lang='lat' dir='ltr'>vini</span> <span class='ocrx_word' id='word_1_91' title='bbox 974 1456 1020 1532; x_wconf 88' lang='lat' dir='ltr'>ad</span> <span class='ocrx_word' id='word_1_92' title='bbox 1037 1458 1274 1535; x_wconf 87' lang='lat' dir='ltr'>medietatem</span> <span class='ocrx_word' id='word_1_93' title='bbox 1289 1457 1347 1533; x_wconf 87' lang='lat' dir='ltr'>vel</span> <span class='ocrx_word' id='word_1_94' title='bbox 1363 1456 1471 1561; x_wconf 75' lang='lat' dir='ltr'>paul·</span> 
     </span>
     <span class='ocr_line' id='line_1_12' title="bbox 121 1550 1472 1659; baseline 0.002 -27"><span class='ocrx_word' id='word_1_95' title='bbox 121 1556 184 1633; x_wconf 87' lang='lat' dir='ltr'>lius</span> <span class='ocrx_word' id='word_1_96' title='bbox 199 1556 385 1648; x_wconf 65' lang='lat' dir='ltr'>abstracto,</span> <span class='ocrx_word' id='word_1_97' title='bbox 409 1562 597 1658; x_wconf 89' lang='lat' dir='ltr'>inaquam</span> <span class='ocrx_word' id='word_1_98' title='bbox 615 1554 834 1645; x_wconf 86' lang='lat' dir='ltr'>effundatur,</span> <span class='ocrx_word' id='word_1_99' title='bbox 860 1557 971 1656; x_wconf 80' lang='lat' dir='ltr'>praeci</span> <span class='ocrx_word' id='word_1_100' title='bbox 1002 1582 1047 1631; x_wconf 89' lang='lat' dir='ltr'>ue</span> <span class='ocrx_word' id='word_1_101' title='bbox 1062 1556 1224 1648; x_wconf 78' lang='lat' dir='ltr'>calidam,</span> <span class='ocrx_word' id='word_1_102' title='bbox 1253 1550 1296 1651; x_wconf 57' lang='grc' dir='ltr'><strong>θ</strong></span> <span class='ocrx_word' id='word_1_103' title='bbox 1322 1582 1391 1659; x_wconf 87' lang='lat' dir='ltr'>per</span> <span class='ocrx_word' id='word_1_104' title='bbox 1405 1557 1472 1635; x_wconf 90' lang='lat' dir='ltr'>hii·</span> 
     </span>
     <span class='ocr_line' id='line_1_13' title="bbox 123 1580 1473 1761; baseline 0.001 -30"><span class='ocrx_word' id='word_1_105' title='bbox 123 1653 343 1733; x_wconf 86' lang='lat' dir='ltr'>atisundium</span> <span class='ocrx_word' id='word_1_106' title='bbox 372 1655 617 1761; x_wconf 80' lang='lat' dir='ltr'><strong>dispergitur,</strong></span> <span class='ocrx_word' id='word_1_107' title='bbox 638 1656 676 1731; x_wconf 73' lang='lat' dir='ltr'>dt</span> <span class='ocrx_word' id='word_1_108' title='bbox 699 1580 999 1731; x_wconf 53' lang='lat' dir='ltr'>oleoso-resinosa)</span> <span class='ocrx_word' id='word_1_109' title='bbox 1014 1652 1072 1734; x_wconf 92' lang='lat' dir='ltr'>illa</span> <span class='ocrx_word' id='word_1_110' title='bbox 1092 1658 1243 1732; x_wconf 84' lang='lat' dir='ltr'>materia</span> <span class='ocrx_word' id='word_1_111' title='bbox 1268 1679 1370 1755; x_wconf 87' lang='lat' dir='ltr'>aquae</span> <span class='ocrx_word' id='word_1_112' title='bbox 1394 1681 1473 1733; x_wconf 92' lang='lat' dir='ltr'>non</span> 
     </span>
     <span class='ocr_line' id='line_1_14' title="bbox 121 1750 1472 1859; baseline 0.001 -31"><span class='ocrx_word' id='word_1_113' title='bbox 121 1755 243 1830; x_wconf 84' lang='lat' dir='ltr'>iediate</span> <span class='ocrx_word' id='word_1_114' title='bbox 255 1753 442 1831; x_wconf 82' lang='lat' dir='ltr'>miscibilis</span> <span class='ocrx_word' id='word_1_115' title='bbox 458 1756 502 1832; x_wconf 85' lang='lat' dir='ltr'>ab</span> <span class='ocrx_word' id='word_1_116' title='bbox 519 1752 598 1857; x_wconf 89' lang='lat' dir='ltr'>ipso</span> <span class='ocrx_word' id='word_1_117' title='bbox 610 1754 714 1830; x_wconf 87' lang='lat' dir='ltr'>velut</span> <span class='ocrx_word' id='word_1_118' title='bbox 737 1752 910 1843; x_wconf 80' lang='lat' dir='ltr'>abluitur,</span> <span class='ocrx_word' id='word_1_119' title='bbox 936 1754 1033 1829; x_wconf 92' lang='lat' dir='ltr'>unde</span> <span class='ocrx_word' id='word_1_120' title='bbox 1048 1754 1174 1855; x_wconf 89' lang='lat' dir='ltr'>primo</span> <span class='ocrx_word' id='word_1_121' title='bbox 1188 1750 1286 1854; x_wconf 85' lang='lat' dir='ltr'>quasi</span> <span class='ocrx_word' id='word_1_122' title='bbox 1303 1781 1374 1859; x_wconf 87' lang='lat' dir='ltr'>per</span> <span class='ocrx_word' id='word_1_123' title='bbox 1394 1754 1472 1855; x_wconf 89' lang='lat' dir='ltr'>pul·</span> 
     </span>
     <span class='ocr_line' id='line_1_15' title="bbox 121 1848 1472 1957; baseline 0.002 -31"><span class='ocrx_word' id='word_1_124' title='bbox 121 1877 157 1927; x_wconf 91' lang='lat' dir='ltr'>m</span> <span class='ocrx_word' id='word_1_125' title='bbox 172 1848 435 1929; x_wconf 74' lang='lat' dir='ltr'>subtilissimum</span> <span class='ocrx_word' id='word_1_126' title='bbox 457 1856 724 1957; x_wconf 70' lang='lat' dir='ltr'>praecipitatur,</span> <span class='ocrx_word' id='word_1_127' title='bbox 751 1856 775 1925; x_wconf 76' lang='lat' dir='ltr'>li</span> <span class='ocrx_word' id='word_1_128' title='bbox 791 1875 867 1949; x_wconf 94' lang='lat' dir='ltr'>quo</span> <span class='ocrx_word' id='word_1_129' title='bbox 889 1848 1012 1949; x_wconf 87' lang='lat' dir='ltr'>liquor</span> <span class='ocrx_word' id='word_1_130' title='bbox 1036 1852 1209 1941; x_wconf 64' lang='lat' dir='ltr'>nitescit,</span> <span class='ocrx_word' id='word_1_131' title='bbox 1234 1877 1326 1930; x_wconf 85' lang='lat' dir='ltr'>mox</span> <span class='ocrx_word' id='word_1_132' title='bbox 1349 1872 1472 1930; x_wconf 87' lang='lat' dir='ltr'>autem</span> 
     </span>
     <span class='ocr_line' id='line_1_16' title="bbox 121 1946 1471 2053; baseline -0.001 -24"><span class='ocrx_word' id='word_1_133' title='bbox 121 1952 220 2029; x_wconf 77' lang='lat' dir='ltr'>antia</span> <span class='ocrx_word' id='word_1_134' title='bbox 245 1952 326 2028; x_wconf 82' lang='lat' dir='ltr'>haec</span> <span class='ocrx_word' id='word_1_135' title='bbox 346 1949 468 2028; x_wconf 74' lang='lat' dir='ltr'>rursus</span> <span class='ocrx_word' id='word_1_136' title='bbox 485 1954 523 2027; x_wconf 93' lang='lat' dir='ltr'>in</span> <span class='ocrx_word' id='word_1_137' title='bbox 540 1952 820 2026; x_wconf 83' lang='lat' dir='ltr'>continuitatem</span> <span class='ocrx_word' id='word_1_138' title='bbox 843 1946 1027 2034; x_wconf 80' lang='lat' dir='ltr'>coalescit,</span> <span class='ocrx_word' id='word_1_139' title='bbox 1052 1948 1322 2051; x_wconf 82' lang='lat' dir='ltr'>&amp;pellucidam</span> <span class='ocrx_word' id='word_1_140' title='bbox 1348 1956 1471 2053; x_wconf 85' lang='lat' dir='ltr'>picem</span> 
     </span>
     <span class='ocr_line' id='line_1_17' title="bbox 121 2043 1468 2151; baseline -0.001 -25"><span class='ocrx_word' id='word_1_141' title='bbox 121 2050 286 2141; x_wconf 83' lang='lat' dir='ltr'>aesentat‚</span> <span class='ocrx_word' id='word_1_142' title='bbox 310 2074 394 2151; x_wconf 85' lang='lat' dir='ltr'>quat</span> <span class='ocrx_word' id='word_1_143' title='bbox 409 2048 523 2127; x_wconf 87' lang='lat' dir='ltr'>resina</span> <span class='ocrx_word' id='word_1_144' title='bbox 539 2074 573 2125; x_wconf 92' lang='lat' dir='ltr'>v.</span> <span class='ocrx_word' id='word_1_145' title='bbox 579 2072 617 2147; x_wconf 84' lang='lat' dir='ltr'>g.</span> <span class='ocrx_word' id='word_1_146' title='bbox 632 2048 727 2150; x_wconf 80' lang='lat' dir='ltr'>jalap</span> <span class='ocrx_word' id='word_1_147' title='bbox 756 2072 797 2137; x_wconf 84' lang='lat' dir='ltr'>ac,</span> <span class='ocrx_word' id='word_1_148' title='bbox 822 2043 1050 2137; x_wconf 83' lang='lat' dir='ltr'>scammonii,</span> <span class='ocrx_word' id='word_1_149' title='bbox 1065 2045 1155 2149; x_wconf 85' lang='lat' dir='ltr'>ligni</span> <span class='ocrx_word' id='word_1_150' title='bbox 1169 2050 1309 2151; x_wconf 85' lang='lat' dir='ltr'>guajaci</span> <span class='ocrx_word' id='word_1_151' title='bbox 1325 2050 1391 2125; x_wconf 78' lang='lat' dir='ltr'>&amp;c</span> <span class='ocrx_word' id='word_1_152' title='bbox 1417 2054 1468 2127; x_wconf 91' lang='lat' dir='ltr'>di-</span> 
     </span>
     <span class='ocr_line' id='line_1_18' title="bbox 121 2074 1469 2265; baseline -0.001 -40"><span class='ocrx_word' id='word_1_153' title='bbox 121 2171 135 2238; x_wconf 89' lang='lat'>·,</span> <span class='ocrx_word' id='word_1_154' title='bbox 151 2148 257 2225; x_wconf 85' lang='lat' dir='ltr'>&amp;vel</span> <span class='ocrx_word' id='word_1_155' title='bbox 268 2152 306 2225; x_wconf 91' lang='lat' dir='ltr'>in</span> <span class='ocrx_word' id='word_1_156' title='bbox 320 2149 452 2265; x_wconf 85' lang='lat' dir='ltr'>pilulis,</span> <span class='ocrx_word' id='word_1_157' title='bbox 469 2148 526 2225; x_wconf 92' lang='lat' dir='ltr'>vel</span> <span class='ocrx_word' id='word_1_158' title='bbox 541 2172 627 2223; x_wconf 91' lang='lat' dir='ltr'>cuin</span> <span class='ocrx_word' id='word_1_159' title='bbox 645 2074 769 2223; x_wconf 78' lang='lat' dir='ltr'>vitello</span> <span class='ocrx_word' id='word_1_160' title='bbox 781 2168 959 2235; x_wconf 85' lang='lat' dir='ltr'>ovorum,</span> <span class='ocrx_word' id='word_1_161' title='bbox 983 2144 1043 2219; x_wconf 86' lang='lat' dir='ltr'>vel</span> <span class='ocrx_word' id='word_1_162' title='bbox 1056 2170 1142 2221; x_wconf 88' lang='lat' dir='ltr'>cum</span> <span class='ocrx_word' id='word_1_163' title='bbox 1152 2148 1356 2251; x_wconf 75' lang='lat' dir='ltr'>amygdalis</span> <span class='ocrx_word' id='word_1_164' title='bbox 1370 2150 1406 2225; x_wconf 67' lang='grc' dir='ltr'>ἃ</span> <span class='ocrx_word' id='word_1_165' title='bbox 1419 2147 1469 2223; x_wconf 89' lang='lat' dir='ltr'>se·</span> 
     </span>
     <span class='ocr_line' id='line_1_19' title="bbox 121 2244 1044 2350; baseline -0.007 -29"><span class='ocrx_word' id='word_1_166' title='bbox 121 2246 193 2323; x_wconf 89' lang='lat' dir='ltr'>ibus</span> <span class='ocrx_word' id='word_1_167' title='bbox 208 2244 353 2350; x_wconf 84' lang='lat' dir='ltr'>frigidis</span> <span class='ocrx_word' id='word_1_168' title='bbox 372 2252 410 2323; x_wconf 92' lang='lat' dir='ltr'>in</span> <span class='ocrx_word' id='word_1_169' title='bbox 424 2244 623 2321; x_wconf 88' lang='lat' dir='ltr'>emullione</span> <span class='ocrx_word' id='word_1_170' title='bbox 641 2244 897 2348; x_wconf 63' lang='lat' dir='ltr'>praescribitur.</span> <span class='ocrx_word' id='word_1_171' title='bbox 1037 2272 1044 2296; x_wconf 68' lang='lat' dir='ltr'>i</span> 
     </span>
    </p>

    <p class='ocr_par' dir='ltr' id='par_1_4' title="bbox 121 2338 1472 3041">
     <span class='ocr_line' id='line_1_20' title="bbox 128 2338 1470 2449; baseline 0.001 -30"><span class='ocrx_word' id='word_1_172' title='bbox 128 2348 247 2449; x_wconf 81' lang='lat' dir='ltr'>Magis</span> <span class='ocrx_word' id='word_1_173' title='bbox 261 2371 351 2422; x_wconf 87' lang='lat' dir='ltr'>vero</span> <span class='ocrx_word' id='word_1_174' title='bbox 368 2344 666 2448; x_wconf 80' lang='lat' dir='ltr'>pulverulentum</span> <span class='ocrx_word' id='word_1_175' title='bbox 681 2342 740 2434; x_wconf 84' lang='lat' dir='ltr'>fit,</span> <span class='ocrx_word' id='word_1_176' title='bbox 763 2338 789 2417; x_wconf 90' lang='lat' dir='ltr'>si</span> <span class='ocrx_word' id='word_1_177' title='bbox 806 2343 893 2415; x_wconf 90' lang='lat' dir='ltr'>huic</span> <span class='ocrx_word' id='word_1_178' title='bbox 909 2338 1058 2441; x_wconf 82' lang='lat' dir='ltr'>liquidae</span> <span class='ocrx_word' id='word_1_179' title='bbox 1080 2338 1295 2417; x_wconf 74' lang='lat' dir='ltr'>extrastioni</span> <span class='ocrx_word' id='word_1_180' title='bbox 1311 2339 1470 2421; x_wconf 84' lang='lat' dir='ltr'>affunda-</span> 
     </span>
     <span class='ocr_line' id='line_1_21' title="bbox 121 2438 1472 2543; baseline 0 -24"><span class='ocrx_word' id='word_1_181' title='bbox 121 2438 249 2543; x_wconf 81' lang='lat' dir='ltr'>&#39;piritus</span> <span class='ocrx_word' id='word_1_182' title='bbox 271 2442 366 2533; x_wconf 88' lang='lat' dir='ltr'>salis,</span> <span class='ocrx_word' id='word_1_183' title='bbox 389 2450 410 2523; x_wconf 76' lang='lat' dir='ltr'>a</span> <span class='ocrx_word' id='word_1_184' title='bbox 434 2468 510 2543; x_wconf 92' lang='lat' dir='ltr'>quo</span> <span class='ocrx_word' id='word_1_185' title='bbox 529 2467 604 2519; x_wconf 94' lang='lat' dir='ltr'>non</span> <span class='ocrx_word' id='word_1_186' title='bbox 619 2462 763 2518; x_wconf 84' lang='lat' dir='ltr'>tannim</span> <span class='ocrx_word' id='word_1_187' title='bbox 787 2465 834 2516; x_wconf 86' lang='lat' dir='ltr'>ex</span> <span class='ocrx_word' id='word_1_188' title='bbox 856 2438 984 2541; x_wconf 89' lang='lat' dir='ltr'>spiritu</span> <span class='ocrx_word' id='word_1_189' title='bbox 998 2440 1075 2516; x_wconf 91' lang='lat' dir='ltr'>vini</span> <span class='ocrx_word' id='word_1_190' title='bbox 1092 2441 1299 2515; x_wconf 82' lang='lat' dir='ltr'>extruditur</span> <span class='ocrx_word' id='word_1_191' title='bbox 1314 2438 1472 2519; x_wconf 78' lang='lat' dir='ltr'>resinosa</span> 
     </span>
     <span class='ocr_line' id='line_1_22' title="bbox 121 2538 1472 2645; baseline -0.001 -28"><span class='ocrx_word' id='word_1_192' title='bbox 121 2544 196 2633; x_wconf 79' lang='lat' dir='ltr'>ria,</span> <span class='ocrx_word' id='word_1_193' title='bbox 219 2538 286 2643; x_wconf 86' lang='lat' dir='ltr'>ipli</span> <span class='ocrx_word' id='word_1_194' title='bbox 301 2542 477 2620; x_wconf 66' lang='lat' dir='ltr'>haetenus</span> <span class='ocrx_word' id='word_1_195' title='bbox 490 2565 679 2634; x_wconf 84' lang='lat' dir='ltr'>connexa,</span> <span class='ocrx_word' id='word_1_196' title='bbox 703 2538 889 2616; x_wconf 90' lang='lat' dir='ltr'>sedetiam</span> <span class='ocrx_word' id='word_1_197' title='bbox 912 2538 1112 2615; x_wconf 88' lang='lat' dir='ltr'>minimum</span> <span class='ocrx_word' id='word_1_198' title='bbox 1133 2540 1311 2639; x_wconf 88' lang='lat' dir='ltr'>quiddam</span> <span class='ocrx_word' id='word_1_199' title='bbox 1327 2542 1374 2616; x_wconf 91' lang='lat' dir='ltr'>de</span> <span class='ocrx_word' id='word_1_200' title='bbox 1393 2541 1472 2645; x_wconf 90' lang='lat' dir='ltr'>ipso</span> 
     </span>
     <span class='ocr_line' id='line_1_23' title="bbox 121 2632 1472 2745; baseline -0.001 -29"><span class='ocrx_word' id='word_1_201' title='bbox 121 2661 154 2716; x_wconf 78' lang='lat' dir='ltr'>ui</span> <span class='ocrx_word' id='word_1_202' title='bbox 175 2637 253 2719; x_wconf 80' lang='lat' dir='ltr'>salit</span> <span class='ocrx_word' id='word_1_203' title='bbox 271 2641 329 2717; x_wconf 81' lang='lat' dir='ltr'>hit</span> <span class='ocrx_word' id='word_1_204' title='bbox 347 2641 610 2745; x_wconf 87' lang='lat' dir='ltr'>pulverulentis</span> <span class='ocrx_word' id='word_1_205' title='bbox 628 2640 791 2716; x_wconf 85' lang='lat' dir='ltr'>minutiis</span> <span class='ocrx_word' id='word_1_206' title='bbox 812 2632 1003 2727; x_wconf 86' lang='lat' dir='ltr'>accrescit,</span> <span class='ocrx_word' id='word_1_207' title='bbox 1028 2660 1227 2737; x_wconf 89' lang='lat' dir='ltr'>earumque</span> <span class='ocrx_word' id='word_1_208' title='bbox 1247 2635 1405 2741; x_wconf 83' lang='lat' dir='ltr'>figuram</span> <span class='ocrx_word' id='word_1_209' title='bbox 1419 2642 1472 2715; x_wconf 87' lang='lat' dir='ltr'>ita</span> 
     </span>
     <span class='ocr_line' id='line_1_24' title="bbox 121 2732 1471 2843; baseline 0.001 -28"><span class='ocrx_word' id='word_1_210' title='bbox 121 2756 207 2829; x_wconf 81' lang='lat' dir='ltr'>utat,</span> <span class='ocrx_word' id='word_1_211' title='bbox 231 2756 273 2815; x_wconf 89' lang='lat' dir='ltr'>ut</span> <span class='ocrx_word' id='word_1_212' title='bbox 290 2742 336 2817; x_wconf 88' lang='lat' dir='ltr'>ad</span> <span class='ocrx_word' id='word_1_213' title='bbox 352 2742 630 2817; x_wconf 90' lang='lat' dir='ltr'>concretionem</span> <span class='ocrx_word' id='word_1_214' title='bbox 648 2759 724 2815; x_wconf 82' lang='lat' dir='ltr'>tarn</span> <span class='ocrx_word' id='word_1_215' title='bbox 742 2754 959 2843; x_wconf 86' lang='lat' dir='ltr'>promptam</span> <span class='ocrx_word' id='word_1_216' title='bbox 978 2732 1204 2812; x_wconf 88' lang='lat' dir='ltr'>subeundam</span> <span class='ocrx_word' id='word_1_217' title='bbox 1219 2739 1356 2839; x_wconf 86' lang='lat' dir='ltr'>ineptae</span> <span class='ocrx_word' id='word_1_218' title='bbox 1373 2734 1471 2817; x_wconf 84' lang='lat' dir='ltr'>fiant.</span> 
     </span>
     <span class='ocr_line' id='line_1_25' title="bbox 139 2830 1471 2941; baseline -0.001 -28"><span class='ocrx_word' id='word_1_219' title='bbox 139 2862 231 2913; x_wconf 84' lang='lat' dir='ltr'>vero</span> <span class='ocrx_word' id='word_1_220' title='bbox 245 2837 458 2933; x_wconf 73' lang='lat' dir='ltr'>sumtuosa,</span> <span class='ocrx_word' id='word_1_221' title='bbox 478 2842 649 2916; x_wconf 85' lang='lat' dir='ltr'>&amp;tamen</span> <span class='ocrx_word' id='word_1_222' title='bbox 664 2836 924 2941; x_wconf 79' lang='lat' dir='ltr'>supervacuus,</span> <span class='ocrx_word' id='word_1_223' title='bbox 951 2830 993 2909; x_wconf 81' lang='lat' dir='ltr'>fit</span> <span class='ocrx_word' id='word_1_224' title='bbox 1011 2834 1213 2937; x_wconf 81' lang='lat' dir='ltr'>procellos,</span> <span class='ocrx_word' id='word_1_225' title='bbox 1240 2836 1317 2909; x_wconf 83' lang='lat' dir='ltr'>imo</span> <span class='ocrx_word' id='word_1_226' title='bbox 1334 2836 1381 2911; x_wconf 87' lang='lat' dir='ltr'>de</span> <span class='ocrx_word' id='word_1_227' title='bbox 1396 2832 1471 2913; x_wconf 87' lang='lat' dir='ltr'>effi·</span> 
     </span>
     <span class='ocr_line' id='line_1_26' title="bbox 132 2930 1472 3041; baseline -0.001 -28"><span class='ocrx_word' id='word_1_228' title='bbox 132 2934 300 3013; x_wconf 85' lang='lat' dir='ltr'>refinosae</span> <span class='ocrx_word' id='word_1_229' title='bbox 316 2938 408 3013; x_wconf 78' lang='lat' dir='ltr'>illius</span> <span class='ocrx_word' id='word_1_230' title='bbox 423 2940 584 3015; x_wconf 78' lang='lat' dir='ltr'>matella:</span> <span class='ocrx_word' id='word_1_231' title='bbox 600 2964 678 3015; x_wconf 94' lang='lat' dir='ltr'>non</span> <span class='ocrx_word' id='word_1_232' title='bbox 699 2959 834 3041; x_wconf 86' lang='lat' dir='ltr'>parum</span> <span class='ocrx_word' id='word_1_233' title='bbox 850 2933 1023 3022; x_wconf 85' lang='lat' dir='ltr'>decedat,</span> <span class='ocrx_word' id='word_1_234' title='bbox 1046 2936 1085 3009; x_wconf 93' lang='lat' dir='ltr'>in</span> <span class='ocrx_word' id='word_1_235' title='bbox 1103 2930 1382 3033; x_wconf 85' lang='lat' dir='ltr'>tam&#39;frequenti</span> <span class='ocrx_word' id='word_1_236' title='bbox 1405 2934 1472 3011; x_wconf 86' lang='lat' dir='ltr'>usu</span> 
     </span>
    </p>
   </div>
   <div class='ocr_carea' id='block_1_3' title="bbox 121 3034 181 3115">
    <p class='ocr_par' dir='ltr' id='par_1_5' title="bbox 121 3034 181 3115">
     <span class='ocr_line' id='line_1_27' title="bbox 121 3034 181 3115; baseline 0 0"><span class='ocrx_word' id='word_1_237' title='bbox 121 3034 181 3115; x_wconf 73' lang='lat' dir='ltr'>eit</span> 
     </span>
    </p>
   </div>
   <div class='ocr_carea' id='block_1_4' title="bbox 121 3126 1471 3641">
    <p class='ocr_par' dir='ltr' id='par_1_6' title="bbox 121 3126 1471 3641">
     <span class='ocr_line' id='line_1_28' title="bbox 121 3126 1470 3235; baseline 0.002 -29"><span class='ocrx_word' id='word_1_238' title='bbox 121 3146 154 3227; x_wconf 67' lang='grc' dir='ltr'>ς.</span> <span class='ocrx_word' id='word_1_239' title='bbox 178 3141 237 3208; x_wconf 87' lang='lat'>26.</span> <span class='ocrx_word' id='word_1_240' title='bbox 261 3134 332 3206; x_wconf 89' lang='lat' dir='ltr'>Per</span> <span class='ocrx_word' id='word_1_241' title='bbox 348 3126 530 3207; x_wconf 87' lang='lat' dir='ltr'>ustionem</span> <span class='ocrx_word' id='word_1_242' title='bbox 546 3130 852 3205; x_wconf 86' lang='lat' dir='ltr'>comminuuntur</span> <span class='ocrx_word' id='word_1_243' title='bbox 866 3154 1025 3233; x_wconf 87' lang='lat' dir='ltr'>corpora</span> <span class='ocrx_word' id='word_1_244' title='bbox 1035 3129 1141 3206; x_wconf 86' lang='lat' dir='ltr'>valde</span> <span class='ocrx_word' id='word_1_245' title='bbox 1150 3128 1270 3221; x_wconf 88' lang='lat' dir='ltr'>densa,</span> <span class='ocrx_word' id='word_1_246' title='bbox 1290 3127 1365 3207; x_wconf 86' lang='lat' dir='ltr'>sive</span> <span class='ocrx_word' id='word_1_247' title='bbox 1383 3156 1470 3235; x_wconf 88' lang='lat' dir='ltr'>pro-</span> 
     </span>
     <span class='ocr_line' id='line_1_29' title="bbox 121 3224 1471 3341; baseline -0.001 -34"><span class='ocrx_word' id='word_1_248' title='bbox 121 3229 379 3333; x_wconf 83' lang='lat' dir='ltr'>particularum</span> <span class='ocrx_word' id='word_1_249' title='bbox 390 3226 443 3305; x_wconf 85' lang='lat' dir='ltr'>sui</span> <span class='ocrx_word' id='word_1_250' title='bbox 458 3226 697 3303; x_wconf 86' lang='lat' dir='ltr'>minimarum</span> <span class='ocrx_word' id='word_1_251' title='bbox 706 3243 837 3301; x_wconf 89' lang='lat' dir='ltr'>mutuo</span> <span class='ocrx_word' id='word_1_252' title='bbox 848 3251 957 3317; x_wconf 84' lang='lat' dir='ltr'>nexu,</span> <span class='ocrx_word' id='word_1_253' title='bbox 977 3224 1049 3300; x_wconf 89' lang='lat' dir='ltr'>sive</span> <span class='ocrx_word' id='word_1_254' title='bbox 1065 3226 1471 3341; x_wconf 82' lang='lat' dir='ltr'>intersperlionecu&#39;us·</span> 
     </span>
     <span class='ocr_line' id='line_1_30' title="bbox 126 3256 1470 3431; baseline -0.004 -24"><span class='ocrx_word' id='word_1_255' title='bbox 126 3328 301 3419; x_wconf 85' lang='lat' dir='ltr'>materiae,</span> <span class='ocrx_word' id='word_1_256' title='bbox 349 3350 406 3403; x_wconf 83' lang='lat' dir='ltr'>uae</span> <span class='ocrx_word' id='word_1_257' title='bbox 421 3325 516 3431; x_wconf 91' lang='lat' dir='ltr'>peri</span> <span class='ocrx_word' id='word_1_258' title='bbox 548 3349 634 3401; x_wconf 90' lang='lat' dir='ltr'>nem</span> <span class='ocrx_word' id='word_1_259' title='bbox 643 3323 776 3427; x_wconf 84' lang='lat' dir='ltr'>expelli</span> <span class='ocrx_word' id='word_1_260' title='bbox 788 3324 919 3427; x_wconf 86' lang='lat' dir='ltr'>potest.</span> <span class='ocrx_word' id='word_1_261' title='bbox 968 3323 1151 3400; x_wconf 86' lang='lat' dir='ltr'>Posterior</span> <span class='ocrx_word' id='word_1_262' title='bbox 1168 3326 1376 3427; x_wconf 83' lang='lat' dir='ltr'>licetniagis</span> <span class='ocrx_word' id='word_1_263' title='bbox 1392 3256 1470 3428; x_wconf 86' lang='lat' dir='ltr'>spe·</span> 
     </span>
     <span class='ocr_line' id='line_1_31' title="bbox 121 3354 1469 3541; baseline -0.01 -37"><span class='ocrx_word' id='word_1_264' title='bbox 121 3429 165 3505; x_wconf 84' lang='lat' dir='ltr'>nd</span> <span class='ocrx_word' id='word_1_265' title='bbox 187 3354 507 3541; x_wconf 76' lang='lat' dir='ltr'>compolltionisd</span> <span class='ocrx_word' id='word_1_266' title='bbox 546 3422 770 3513; x_wconf 90' lang='lat' dir='ltr'>olutionem,</span> <span class='ocrx_word' id='word_1_267' title='bbox 793 3438 972 3521; x_wconf 83' lang='lat' dir='ltr'>quatenus</span> <span class='ocrx_word' id='word_1_268' title='bbox 991 3439 1116 3497; x_wconf 82' lang='lat' dir='ltr'>tamen</span> <span class='ocrx_word' id='word_1_269' title='bbox 1139 3422 1382 3499; x_wconf 89' lang='lat' dir='ltr'>comminutio</span> <span class='ocrx_word' id='word_1_270' title='bbox 1407 3448 1469 3531; x_wconf 76' lang='lat' dir='ltr'>ag.</span> 
     </span>
     <span class='ocr_line' id='line_1_32' title="bbox 121 3519 831 3641; baseline -0.01 -40"><span class='ocrx_word' id='word_1_271' title='bbox 121 3524 171 3601; x_wconf 77' lang='lat' dir='ltr'>ati</span> <span class='ocrx_word' id='word_1_272' title='bbox 185 3522 365 3641; x_wconf 80' lang='lat' dir='ltr'>sequitur,</span> <span class='ocrx_word' id='word_1_273' title='bbox 389 3526 452 3603; x_wconf 89' lang='lat' dir='ltr'>liic</span> <span class='ocrx_word' id='word_1_274' title='bbox 465 3519 646 3601; x_wconf 86' lang='lat' dir='ltr'>recenseri</span> <span class='ocrx_word' id='word_1_275' title='bbox 658 3539 831 3597; x_wconf 89' lang='lat' dir='ltr'>meretur.</span> 
     </span>
    </p>
   </div>
   <div class='ocr_carea' id='block_1_5' title="bbox 121 3614 1471 3935">
    <p class='ocr_par' dir='ltr' id='par_1_7' title="bbox 121 3614 1471 3935">
     <span class='ocr_line' id='line_1_33' title="bbox 122 3614 1471 3740; baseline -0.009 -41"><span class='ocrx_word' id='word_1_276' title='bbox 122 3630 315 3728; x_wconf 70' lang='lat' dir='ltr'>Peragitur</span> <span class='ocrx_word' id='word_1_277' title='bbox 345 3622 454 3701; x_wconf 87' lang='lat' dir='ltr'>solius</span> <span class='ocrx_word' id='word_1_278' title='bbox 477 3623 573 3729; x_wconf 83' lang='lat' dir='ltr'>ignis</span> <span class='ocrx_word' id='word_1_279' title='bbox 600 3619 845 3740; x_wconf 70' lang='lat' dir='ltr'>applicatione</span> <span class='ocrx_word' id='word_1_280' title='bbox 856 3618 903 3734; x_wconf 35' lang='lat' dir='ltr'>&#39;in</span> <span class='ocrx_word' id='word_1_281' title='bbox 918 3614 1153 3735; x_wconf 62' lang='lat' dir='ltr'>sequentibus</span> <span class='ocrx_word' id='word_1_282' title='bbox 1166 3615 1332 3735; x_wconf 70' lang='lat' dir='ltr'>subjeltis</span> <span class='ocrx_word' id='word_1_283' title='bbox 1354 3644 1365 3694; x_wconf 77' lang='grc' dir='ltr'><strong>ε</strong></span> <span class='ocrx_word' id='word_1_284' title='bbox 1391 3646 1471 3699; x_wconf 78' lang='lat' dir='ltr'>cor.</span> 
     </span>
     <span class='ocr_line' id='line_1_34' title="bbox 121 3712 1470 3827; baseline 0 -30"><span class='ocrx_word' id='word_1_285' title='bbox 121 3724 215 3811; x_wconf 88' lang='lat' dir='ltr'>ervi,</span> <span class='ocrx_word' id='word_1_286' title='bbox 240 3722 350 3814; x_wconf 90' lang='lat' dir='ltr'>ebur,</span> <span class='ocrx_word' id='word_1_287' title='bbox 375 3726 506 3801; x_wconf 77' lang='lat' dir='ltr'>dentes</span> <span class='ocrx_word' id='word_1_288' title='bbox 524 3742 719 3827; x_wconf 86' lang='lat' dir='ltr'>aprorum,</span> <span class='ocrx_word' id='word_1_289' title='bbox 745 3742 868 3794; x_wconf 87' lang='lat' dir='ltr'>cancri</span> <span class='ocrx_word' id='word_1_290' title='bbox 879 3712 1074 3816; x_wconf 74' lang='lat' dir='ltr'>fluviatdet</span> <span class='ocrx_word' id='word_1_291' title='bbox 1088 3716 1156 3793; x_wconf 79' lang='lat' dir='ltr'>&amp;e</span> <span class='ocrx_word' id='word_1_292' title='bbox 1184 3743 1224 3793; x_wconf 91' lang='lat' dir='ltr'>in</span> <span class='ocrx_word' id='word_1_293' title='bbox 1243 3736 1383 3797; x_wconf 87' lang='lat' dir='ltr'>retorta</span> <span class='ocrx_word' id='word_1_294' title='bbox 1397 3737 1470 3797; x_wconf 87' lang='lat' dir='ltr'>ter·</span> 
     </span>
     <span class='ocr_line' id='line_1_35' title="bbox 121 3816 1470 3935; baseline -0.001 -38"><span class='ocrx_word' id='word_1_295' title='bbox 121 3821 184 3925; x_wconf 77' lang='lat' dir='ltr'>gni</span> <span class='ocrx_word' id='word_1_296' title='bbox 198 3820 300 3896; x_wconf 91' lang='lat' dir='ltr'>nudo</span> <span class='ocrx_word' id='word_1_297' title='bbox 320 3840 582 3924; x_wconf 84' lang='lat' dir='ltr'>exponuntur,</span> <span class='ocrx_word' id='word_1_298' title='bbox 606 3819 658 3898; x_wconf 83' lang='lat' dir='ltr'>itt</span> <span class='ocrx_word' id='word_1_299' title='bbox 676 3820 715 3895; x_wconf 95' lang='lat' dir='ltr'>in</span> <span class='ocrx_word' id='word_1_300' title='bbox 734 3818 978 3920; x_wconf 88' lang='lat' dir='ltr'>recipientem</span> <span class='ocrx_word' id='word_1_301' title='bbox 995 3816 1133 3933; x_wconf 75' lang='lat' dir='ltr'>partim</span> <span class='ocrx_word' id='word_1_302' title='bbox 1147 3816 1320 3933; x_wconf 73' lang='lat' dir='ltr'>guttatim</span> <span class='ocrx_word' id='word_1_303' title='bbox 1324 3820 1470 3935; x_wconf 84' lang='lat' dir='ltr'>partini</span> 
     </span>
    </p>
   </div>
   <div class='ocr_carea' id='block_1_6' title="bbox 121 3914 1620 4410">
    <p class='ocr_par' dir='ltr' id='par_1_8' title="bbox 121 3914 1620 4410">
     <span class='ocr_line' id='line_1_36' title="bbox 121 3914 1472 4092; baseline -0.001 -97"><span class='ocrx_word' id='word_1_304' title='bbox 121 3934 279 3995; x_wconf 77' lang='lat' dir='ltr'>retentis</span> <span class='ocrx_word' id='word_1_305' title='bbox 296 3916 424 3997; x_wconf 81' lang='lat' dir='ltr'>transit</span> <span class='ocrx_word' id='word_1_306' title='bbox 436 3919 633 4025; x_wconf 77' lang='lat' dir='ltr'>phlegma,</span> <span class='ocrx_word' id='word_1_307' title='bbox 657 3916 751 4020; x_wconf 84' lang='lat' dir='ltr'>quid</span> <span class='ocrx_word' id='word_1_308' title='bbox 763 3914 836 3993; x_wconf 88' lang='lat' dir='ltr'>olei</span> <span class='ocrx_word' id='word_1_309' title='bbox 858 3930 1181 4092; x_wconf 59' lang='lat' dir='ltr'>trupptfiunttici,</span> <span class='ocrx_word' id='word_1_310' title='bbox 1201 3914 1410 4019; x_wconf 82' lang='lat' dir='ltr'>&amp;denique</span> <span class='ocrx_word' id='word_1_311' title='bbox 1425 3916 1472 4031; x_wconf 75' lang='lat' dir='ltr'>sal</span> 
     </span>
     <span class='ocr_line' id='line_1_37' title="bbox 121 4009 1474 4134; baseline -0.002 -40"><span class='ocrx_word' id='word_1_312' title='bbox 121 4016 198 4107; x_wconf 87' lang='lat' dir='ltr'>tile,</span> <span class='ocrx_word' id='word_1_313' title='bbox 220 4018 325 4095; x_wconf 84' lang='lat' dir='ltr'>eu&#39;us</span> <span class='ocrx_word' id='word_1_314' title='bbox 350 4016 469 4121; x_wconf 75' lang='lat' dir='ltr'>aliqua</span> <span class='ocrx_word' id='word_1_315' title='bbox 488 4017 615 4123; x_wconf 79' lang='lat' dir='ltr'>portio</span> <span class='ocrx_word' id='word_1_316' title='bbox 628 4018 671 4097; x_wconf 84' lang='lat' dir='ltr'>ln</span> <span class='ocrx_word' id='word_1_317' title='bbox 690 4014 908 4112; x_wconf 61' lang='lat' dir='ltr'>obium</span> <span class='ocrx_word' id='word_1_318' title='bbox 932 4093 950 4104; x_wconf 78' lang='grc'><strong><em>,</em></strong></span> <span class='ocrx_word' id='word_1_319' title='bbox 1027 4009 1177 4092; x_wconf 79' lang='lat' dir='ltr'>uestem</span> <span class='ocrx_word' id='word_1_320' title='bbox 1195 4012 1286 4108; x_wconf 86' lang='lat' dir='ltr'>illud</span> <span class='ocrx_word' id='word_1_321' title='bbox 1308 4015 1348 4091; x_wconf 93' lang='lat' dir='ltr'>in</span> <span class='ocrx_word' id='word_1_322' title='bbox 1370 4014 1474 4134; x_wconf 90' lang='lat' dir='ltr'>spiri·</span> 
     </span>
     <span class='ocr_line' id='line_1_38' title="bbox 132 4112 1475 4218; baseline -0.003 -25"><span class='ocrx_word' id='word_1_323' title='bbox 132 4112 244 4193; x_wconf 91' lang='lat' dir='ltr'>sicdi</span> <span class='ocrx_word' id='word_1_324' title='bbox 369 4118 679 4210; x_wconf 52' lang='lat' dir='ltr'>mutandam</span> <span class='ocrx_word' id='word_1_325' title='bbox 1127 4129 1214 4192; x_wconf 70' lang='lat' dir='ltr'>net.</span> <span class='ocrx_word' id='word_1_326' title='bbox 1237 4112 1362 4190; x_wconf 88' lang='lat' dir='ltr'>ouiin</span> <span class='ocrx_word' id='word_1_327' title='bbox 1384 4136 1475 4218; x_wconf 83' lang='lat' dir='ltr'>igne</span> 
     </span>
     <span class='ocr_line' id='line_1_39' title="bbox 121 4210 1620 4392; baseline 0.002 -101"><span class='ocrx_word' id='word_1_328' title='bbox 121 4239 163 4292; x_wconf 93' lang='lat' dir='ltr'>to</span> <span class='ocrx_word' id='word_1_329' title='bbox 179 4216 304 4293; x_wconf 82' lang='lat' dir='ltr'>denuo</span> <span class='ocrx_word' id='word_1_330' title='bbox 320 4216 363 4295; x_wconf 91' lang='lat' dir='ltr'>in</span> <span class='ocrx_word' id='word_1_331' title='bbox 374 4213 521 4297; x_wconf 72' lang='lat' dir='ltr'>vuscub</span> <span class='ocrx_word' id='word_1_332' title='bbox 540 4235 627 4328; x_wconf 64' lang='lat'>⁸25!</span> <span class='ocrx_word' id='word_1_333' title='bbox 1335 4210 1476 4392; x_wconf 61' lang='grc' dir='ltr'>,11ωὲ</span> <span class='ocrx_word' id='word_1_334' title='bbox 1616 4245 1620 4254; x_wconf 96' lang='grc'><em>·</em></span> 
     </span>
     <span class='ocr_line' id='line_1_40' title="bbox 121 4311 1379 4410; baseline -0.006 -13"><span class='ocrx_word' id='word_1_335' title='bbox 121 4340 178 4397; x_wconf 84' lang='lat' dir='ltr'>trs</span> <span class='ocrx_word' id='word_1_336' title='bbox 193 4320 241 4407; x_wconf 80' lang='grc' dir='ltr'>ΙΙ,</span> <span class='ocrx_word' id='word_1_337' title='bbox 399 4338 407 4353; x_wconf 89' lang='grc'>·</span> <span class='ocrx_word' id='word_1_338' title='bbox 534 4311 544 4334; x_wconf 70' lang='grc'><strong>”</strong></span> <span class='ocrx_word' id='word_1_339' title='bbox 669 4399 671 4410; x_wconf 33' lang='grc' dir='ltr'>Ι</span> <span class='ocrx_word' id='word_1_340' title='bbox 1335 4329 1344 4348; x_wconf 87' lang='grc'><em>·</em></span> <span class='ocrx_word' id='word_1_341' title='bbox 1367 4325 1379 4350; x_wconf 78' lang='lat'><strong><em>⁶</em></strong></span> 
     </span>
    </p>
   </div>
   <div class='ocr_carea' id='block_1_7' title="bbox 0 0 1740 4822">
    <p class='ocr_par' dir='ltr' id='par_1_9' title="bbox 0 0 1740 4822">
     <span class='ocr_line' id='line_1_41' title="bbox 0 0 1740 4822; baseline 0 0"><span class='ocrx_word' id='word_1_342' title='bbox 0 0 1740 4822; x_wconf 95' lang='lat' dir='ltr'> </span> 
     </span>
    </p>
   </div>
  </div>
 </body>
</html>
