3472 4822
156 316 224 409 22
574 214 873 391 Fundamenta
897 284 1070 425 chymiae

239 496 419 569 Praetercr
427 502 553 566 temen
561 488 691 583 aleriis,
704 488 865 568 tumfixa
879 508 961 566 tum
973 485 1143 579 volatilia,
1157 483 1414 567 solvuntetism
1422 514 1465 597 nn

146 588 187 665 in
201 586 324 666 forma
339 589 492 690 liquoris
511 586 787 669 coerulescentis.

237 701 265 781 §.
296 702 350 777 18.
373 688 481 765 Aliud
498 711 588 763 vero
599 685 789 767 solutionis
799 708 917 789 genus
934 682 1002 778 est,
1017 684 1123 801 quod
1137 682 1181 763 fit
1190 708 1262 789 per
1279 685 1429 799 spiritum
1442 691 1465 765 n·

35 859 44 875 ,
142 782 345 864 substantiis
361 782 534 862 resinosrs.
587 790 684 865 Cum
694 809 830 889 nempe
839 782 987 889 spiritus
999 785 1078 862 vini
1088 784 1179 861 nihii
1187 785 1464 885 aliudlrtqurno

140 882 389 961 tenuiffimum
407 909 476 989 per
490 886 643 962 minima
659 883 713 963 sni
727 909 814 966 cum
823 882 1047 988 corpusculis
1061 886 1187 983 aqueis
1201 907 1419 975 connexum,
1431 912 1465 985 qu

143 982 430 1060 hec-substantia
444 979 646 1061 affunditur
670 980 806 1072 refinae,
831 983 854 1059 i.
880 1006 912 1057 e.
939 981 1023 1057 oleo
1080 982 1161 1057 uuio
1188 978 1345 1081 spissiori
1368 1008 1465 1059 cumr

141 1079 274 1161 stribus
290 1083 442 1161 minutis
459 1106 640 1172 connexo,
657 1083 693 1159 δι
708 1101 865 1185 propter
880 1081 947 1157 hus
962 1082 1001 1155 in
1021 1008 1133 1155 sobna
1145 1104 1207 1158 ma
1237 1083 1268 1156 is
1279 1078 1397 1157 forma
1409 1082 1465 1158 coir

143 1181 359 1284 corpuscula
382 1178 518 1271 cleosa,
543 1177 724 1284 sigillatim
737 1184 777 1266 in
791 1179 961 1283 spiritum
976 1181 1055 1259 vini
1069 1177 1172 1281 dispe
1207 1204 1246 1269 r,
1264 1205 1335 1283 per
1351 1178 1465 1255 cohiriir

142 1284 420 1385 aggregativam
435 1278 686 1357 adhaerescunt
701 1279 866 1361 minutiis
884 1274 1024 1373 mosis,
1038 1294 1162 1356 terreo
1178 1276 1396 1395 corpusculo
1406 1276 1464 1396 figi!

172 1382 313 1459 ruvutis.
362 1384 460 1460 Dum
473 1395 596 1457 nutem
618 1378 806 1481 particulae
823 1374 953 1455 oleosae
972 1378 1012 1453 in
1032 1375 1162 1481 spiritu
1178 1379 1259 1453 vim
1282 1374 1359 1453 astu
1373 1378 1407 1451 in
1425 1396 1465 1453 int

141 1400 429 1556 bmofluidintis
439 1478 555 1578 gradu
564 1477 656 1569 sunt,
673 1477 882 1553 aiternsiilas
897 1476 1161 1583 &portiuncula
1175 1494 1300 1553 terrea
1313 1476 1353 1551 in
1362 1475 1457 1651 ciffi-:r

140 1598 179 1653 te
203 1578 379 1666 detentas,
398 1578 470 1674 jam
486 1600 577 1652 vero
593 1575 657 1652 fibi
672 1577 913 1683 aggregative
929 1598 1124 1665 connexas,
1140 1599 1214 1651 una
1230 1598 1319 1651 cum
1332 1572 1410 1649 sus'
1454 1600 1465 1653 r

141 1678 193 1752 tir
207 1696 326 1751 terrea
343 1673 466 1752 secum
482 1674 521 1752 in
536 1692 683 1756 motum
709 1677 883 1777 rapiunt,
909 1675 945 1750 8<
965 1674 1014 1751 ita
1031 1670 1208 1767 fluidum,
1230 1676 1318 1749 licet
1332 1672 1465 1777 prulosp

141 1798 256 1875 quam
270 1793 373 1866 ante,
398 1772 552 1889 junstim
574 1771 846 1885 repraesentant.
893 1777 1075 1857 Dicuntur
1096 1772 1155 1851 hae
1169 1771 1372 1849 solutiones
1386 1770 1465 1849 effen

142 1872 303 1951 extracta
318 1870 473 1973 liqurdn,
489 1874 577 2045 {luia
584 1874 624 1954 in
631 1872 920 1979 vegetabilibus,
944 1874 1131 1987 prae'cipue
1145 1870 1348 1952 balsamicis
1356 1872 1465 1947 interni

142 1970 166 2067 s
186 1969 310 2051 ecifica
326 1996 414 2046 ener
443 1972 475 2046 ia
505 1995 550 2044 eu
566 1967 797 2051 seminaris&
822 1970 947 2047 ideaiis
970 1968 1138 2072 specifica
1161 1973 1241 2063 vis,
1263 1968 1465 2061 foenicum

180 2096 210 2148 c.
230 2072 270 2146 in
286 1994 442 2147 resino&
448 2068 548 2147 veste
556 2094 774 2172 comparere
783 2068 883 2161 solet,
891 2069 991 2145 unde
1000 2096 1086 2145 cum
1094 2071 1162 2146 hac
1169 2064 1359 2146 effcntiuii's
1370 2070 1465 2147 tuliun

144 2187 333 2246 cretomm
360 2165 788 2249 efficaciauterrestribus
801 2166 949 2273 lignofis
957 2170 1121 2273 partibus
1129 2167 1276 2247 extrahi
1292 2170 1425 2245 dicitru.

239 2278 269 2362 §-
298 2296 354 2361 19.
378 2264 1465 2385 Volatiiiumhomogeneorumconcretorumsubtilissinucn

144 2368 250 2443 nutio
266 2365 351 2471 post
369 2364 590 2444 solutionem
605 2392 734 2479 peragi
758 2390 911 2481 quoque
929 2369 1072 2467 potest,
1095 2365 1353 2444 subiimatione
1366 2384 1465 2465 nenpr

144 2465 286 2568 phuris‚
303 2461 462 2555 anserici,
476 2467 697 2559 nntimonii3
719 2467 798 2547 imo
814 2484 927 2541 etrum
947 2466 1144 2569 plumbum
1161 2465 1364 2571 fuliginum
1376 2464 1465 2540 uliun

143 2588 206 2639 ma
221 2566 260 2638 in
275 2565 364 2667 igne
389 2564 553 2640 violento
578 2563 790 2642 refinatorio
810 2565 948 2645 bonam
991 2584 1108 2641 artem
1135 2582 1338 2665 evaporat,
1356 2564 1389 2641 ἃ
1407 2569 1464 2639 tun

144 2663 295 2739 nucibus
308 2664 487 2753 adhaeret,
510 2683 591 2739 tum
608 2668 646 2741 in
659 2590 1040 2743 concameratiombus
1083 2664 1320 2751 eculiaribus,
1347 2680 1465 2739 umen

142 2762 236 2838 villis
252 2763 477 2839 cudmiarum
499 2768 652 2839 nomine
665 2763 783 2854 notis,
808 2760 982 2839 confidet.
1032 2690 1127 2840 Abas
1144 2762 1237 2837 tales
1255 2753 1465 2838 sublimerrfr

140 2856 279 2936 florum
295 2861 446 2936 nomine
462 2861 672 2939 noscuntur.

240 2971 268 3049 ς.
300 2986 354 3036 20.
382 2957 581 3035 calcinatio
611 2984 761 3060 quoque
805 2982 848 3035 ro
875 2957 981 3036 valde
1005 2954 1183 3034 subtiliter
1199 2956 1465 3033 comminuendi

142 3054 299 3129 busdam
314 3052 395 3129 fixis
412 3054 564 3134 subinde
579 3059 703 3133 locum
725 2988 863 3147 haben
889 3058 924 3133 8(
940 3059 1083 3145 dicitur,
1106 3080 1191 3156 quae
1206 3056 1279 3135 hac
1294 3058 1465 3137 intentione

143 3150 276 3244 ficitur,
292 3153 592 3247 reverberatorin,
608 3159 867 3247 reverberatio,
883 3157 1152 3246 reverberium,
1176 3159 1271 3255 quia
1291 3158 1340 3233 nd
1351 3155 1465 3261 ipsun!

144 3252 377 3331 reverberate
390 3248 540 3332 flumme
554 3258 593 3331 in
609 3252 725 3333 furnis
740 3253 929 3333 fornicaris
945 3256 1110 3332 adhiberi
1128 3254 1233 3353 solet,
1254 3274 1298 3335 ut
1317 3260 1366 3333 itu
1379 3252 1465 3351 umiiq

145 3354 280 3429 eodem
296 3351 487 3429 &intenso
502 3355 622 3431 caiore
643 3358 795 3435 materia
807 3353 1054 3431 conservetur.

70 3449 86 3480 ⁸
241 3454 301 3527 Fit
316 3449 390 3526 hoc
405 3453 523 3529 modo
539 3477 669 3528 crocus
685 3457 815 3531 Martis
837 3453 966 3557 perse,
983 3455 1085 3554 cujus
1101 3451 1317 3555 elegantem
1331 3452 1461 3531 modun

146 3548 283 3625 Isarcus
300 3550 503 3627 Hollandus
519 3555 565 3628 de
589 3552 768 3651 salibus&
789 3554 877 3630 olcis
894 3554 1128 3629 metallorum
1144 3556 1350 3656 pro'ponit,
1363 3552 1465 3627 dierun

146 3646 277 3735 ve190.
301 3646 415 3750 spatio
438 3654 718 3825 fersgendum
741 3670 823 3729 tum
852 3653 1075 3729 Kunckelius
1096 3652 1135 3725 in
1164 3668 1291 3727 amem
1308 3650 1465 3727 vitrarium

150 3750 418 3823 commentario
431 3754 441 3823 i
455 3748 589 3843 lustrat,
611 3776 772 3852 eumque
788 3755 826 3827 in
841 3750 957 3827 furnis
975 3748 1465 3858 reverberatoriis20bconti1

146 3862 224 3922 tem
239 3844 336 3965 ignis
349 3849 459 3924 validi
469 3848 656 4023 Xerficere
671 3849 769 3927 reste
787 3849 920 3927 suades

245 3944 390 4020 Eodem
404 3971 468 4021 mo
497 3972 520 4023 o
535 3974 667 4028 crocus
682 3952 834 4030 Veneris
850 3947 970 4052 perse
986 3942 1200 4041 conficitur,
1210 3948 1247 4025 u
1265 3946 1384 4023 enices
1396 3942 1457 4021 nuri

149 4044 254 4145 genti
268 4039 375 4117 valde
399 4043 643 4139 subtiliantur‚
664 4050 771 4149 quod
786 4074 832 4125 ex
847 4046 964 4124 lsnsco
981 4045 1166 4146 Hollandq
1192 4067 1353 4152 quoque
1367 4064 1465 4125 comn

150 4148 345 4220 Cramerus
353 4140 443 4247 disp.
452 4147 499 4223 de
510 4149 812 4227 transmutatione
827 4146 1072 4227 metallorum.
