3472 4822
75 238 77 243 Ι
149 300 247 419 118
617 240 914 389 inadulatam
940 283 1144 443 chymiaea

146 489 185 565 lo
201 511 318 566 vacuo
332 487 451 563 vitreo
461 482 797 563 inclusosinbalneo
808 485 966 564 ferventi
980 483 1190 564 detinendo.
1243 486 1296 560 lta
1310 485 1413 560 enim
1427 492 1606 585 tenerit&

54 584 58 589 ’
142 586 272 666 saltem
287 584 476 704 perspicua
491 586 525 662 u
541 585 693 690 limpida
711 584 903 660 substantia
921 584 1053 659 exinde
1071 582 1280 682 colligitur,
1305 585 1413 685 quod
1430 582 1606 679 idemne

143 684 315 765 medullis
328 683 512 773 vitulinis,
537 686 692 761 cervinis
709 684 776 764 &c
798 680 875 760 fieri
918 682 1035 771 otest,
1058 683 1148 759 item
1165 682 1211 758 de
1227 679 1385 757 Castoris
1397 687 1606 789 pingue&

148 808 206 862 ne.
255 785 399 862 Rationi
415 786 550 859 iterum
560 780 873 859 consentaneume
904 799 1049 883 ,partes
1063 778 1606 887 praedictasasanguineisw

146 880 236 961 culis
245 901 317 982 Vae
327 881 384 958 vel
398 877 797 983 viniasperfioneprius
807 877 1141 959 elutriare&elotas
1153 878 1333 957 relucere.

245 996 275 1065 ς.
325 1003 359 1070 7.
375 981 412 1055 Si
435 980 518 1080 quis
533 1003 624 1054 vero
641 978 715 1061 illas
735 977 946 1054 animalium
968 977 1236 1078 pinguedines,
1268 981 1290 1049 a
1307 975 1445 1075 quibus
1459 981 1582 1089 specle,

146 1072 301 1153 liffimie
352 1077 429 1155 tius
444 1075 714 1180 exspectantur,
742 1076 861 1154 adhuc
875 1079 950 1149 inte
980 1077 1052 1155 rius
1062 1072 1200 1148 curiose
1209 1071 1481 1160 efferverevelit
1492 1087 1582 1165 invi.

142 1189 204 1252 tro
213 1174 403 1282 repolitas,
426 1173 518 1255 lotas
526 1178 644 1277 prius,
667 1172 813 1280 siopus,
828 1098 1584 1267 drestfficatiffimoadomnimodumma.

143 1269 285 1350 sionem
293 1271 488 1352 infundere
495 1277 650 1376 poterit,
676 1273 750 1352 hoc
763 1271 841 1376 ipso
860 1273 1099 1352 condimento
1114 1271 1161 1350 ad
1175 1268 1428 1375 longiffimum
1441 1296 1585 1395 tempu

136 1372 344 1452 duraturas.
393 1374 498 1448 ldem
513 1374 552 1448 in
566 1370 734 1453 medullis
749 1395 901 1477 quoque
917 1368 1087 1452 succedit.

238 1484 268 1565 ς.
291 1483 349 1568 48.
368 1468 611 1551 Artificiali'ter
632 1486 885 1573 praeparantur
906 1467 1056 1548 ulterius
1076 1469 1134 1542 hae
1188 1466 1408 1570 inguedines
1433 1475 1584 1565 alendo

171 1566 292 1645 rorsus
307 1569 346 1644 in
361 1567 518 1650 oleosum
534 1568 766 1649 substantiam
780 1583 797 1660 ,‘
814 1568 917 1667 quod
934 1565 1094 1670 praestari
1109 1493 1199 1640 folgt
1213 1565 1272 1641 vel
1285 1565 1463 1648 lateribus
1479 1578 1585 1659 eoru

141 1590 355 1769 borumque
363 1664 597 1774 fragmentis,
618 1668 677 1747 vel
686 1663 920 1759 offibusustis,
929 1664 1110 1747 alterutris
1118 1661 1337 1745 candefactis
1346 1667 1585 1841 inpinguedi.

143 1764 399 1867 neminjettis,
423 1784 464 1844 ut
477 1791 517 1843 ea
534 1764 769 1867 repleantur3
794 1764 868 1847 hoc
884 1763 979 1842 fallo
995 1790 1063 1866 per
1083 1780 1287 1853 retortam,
1316 1771 1381 1844 Ae
1415 1771 1589 1856 uccelstve

146 1863 272 1950 auito,
288 1865 457 1967 praebent
464 1862 688 1946 oleolitetem
696 1881 848 1945 tenuem
856 1862 938 1972 plus
946 1867 1069 1945 miuus
1076 1860 1585 1967 empyrevmaticam,cmssio

142 1963 177 2039 ri
191 1959 317 2042 adusto
338 1963 421 2044 oleo
436 1965 596 2078 denique
611 1962 795 2067 sequente.
1470 1996 1474 2001 ·

243 2070 272 2154 t.
299 2085 357 2153 49·
384 2066 441 2141 Ex
450 2062 623 2142 omnibus
636 2079 759 2143 autem
773 2059 983 2143 animalium
999 2058 1164 2163 partibus
1177 2059 1264 2163 igne
1280 2057 1585 2149 adinctndeseers

143 2156 233 2233 tiam
248 2157 352 2234 aufto
369 2159 492 2239 oleum
507 2160 581 2240 hoc
589 2162 773 2266 nigricans
782 2158 1002 2239 ustulentum
1011 2158 1169 2237 obtineri
1178 2160 1315 2258 potest,
1339 2162 1591 2249 communit&
1604 2230 1606 2235 .

146 2278 344 2333 occurrens
350 2259 425 2346 inu
435 2259 569 2339 latione
578 2260 690 2341 erenii
696 2256 1043 2362 humani,sanguinis
1052 2250 1587 2358 humaniffiaeinspillntaepbdss
1602 2262 1606 2325 ἐ

89 2416 99 2425 .
144 2356 211 2445 ris,
237 2378 353 2433 cornu
362 2359 477 2447 cervi,
503 2358 732 2458 viperarum,
752 2356 1040 2446 lumbricorum‚
1057 2351 1460 2457 &similiumquoqum
1481 2362 1581 2438 deco

146 2451 203 2621 lus
219 2454 345 2532 odoris
363 2450 533 2530 fastidiosi
551 2455 802 2542 corredione,
827 2479 941 2553 quem
958 2476 1043 2529 cum
1061 2448 1234 2528 similibus
1256 2453 1524 2555 vegetabilium
1544 2462 1579 2539 0·

161 2548 212 2621 eis
221 2572 463 2628 communem
471 2549 618 2640 habent,
635 2548 828 2649 leqmntes
843 2547 1335 2630 encheiresesobserventure

241 2643 377 2723 Oleum
392 2643 576 2728 foetidum
590 2672 676 2728 cum
693 2651 933 2744 veommnni
947 2647 1066 2749 probe
1082 2650 1256 2750 agitetur,
1280 2670 1366 2745 quae
1382 2653 1520 2732 exinde
1531 2676 1587 2731 ve·
1604 2668 1606 2679 '

80 2768 84 2773 ·
144 2737 211 2817 luti
224 2740 402 2836 lactescit,
437 2745 472 2821 8<
491 2747 652 2823 materiae
675 2769 747 2826 con
775 2744 912 2823 uallatae
931 2745 1100 2841 stlatioa
1126 2744 1246 2820 calore
1265 2741 1463 2826 sufficienti
1474 2748 1601 2829 beloti·

142 2839 202 2915 vel
212 2842 404 2918 moderato
414 2853 483 2926 ae
494 2861 709 2953 peragatur,
731 2772 842 2941 idque
879 2843 933 2919 lus
942 2843 1194 2958 limplicivice.
1265 2849 1592 2927 Itanonmodote'

142 2942 268 3030 nuius,
290 2939 515 3044 sed&longe
528 2941 651 3021 minus
660 2870 876 3032 olidum,olp

238 3037 305 3118 Vel
314 3037 448 3122 Oleum
456 3042 813 3146 empyrevmaticum
827 3065 913 3120 cum
927 3064 993 3116 ana
1006 3058 1067 3115 aut
1083 3039 1238 3143 amplius
1253 3036 1404 3142 spiritus
1411 3045 1492 3119 vini
1510 3068 1574 3146 ptr·

78 3236 80 3241 Ι
142 3130 361 3233 misceatur,
387 3139 452 3241 qui
473 3136 570 3220 lente
587 3135 728 3226 alatur
743 3139 782 3213 in
803 3158 900 3225 vam
919 3135 1170 3253 praepositam,
1194 3136 1448 3243 supernatabit
1469 3145 1516 3220 ita
1536 3159 1576 3220 te
1597 3150 1601 3161 '

144 3254 219 3312 oue
232 3232 411 3326 elbidum,
464 3235 678 3330 ellucidum,
704 3236 767 3312 lon
797 3234 1084 3317 etolerabihoris
1095 3237 1220 3312 odoris
1235 3236 1372 3315 oleum.

141 3346 189 3415 Ρ·
241 3331 308 3413 Vel
330 3259 665 3437 effundaturffluo,
692 3351 754 3411 aut
769 3257 987 3426 {olitanam
1018 3334 1201 3410 cineribus
1218 3335 1277 3410 vel
1294 3333 1361 3409 sun
1390 3334 1577 3414 licibusvel

140 3425 342 3512 salicorum
350 3428 411 3510 seu
421 3429 620 3528 clavellatis,
631 3434 798 3534 autfflae,
824 3431 884 3508 vel
899 3434 1010 3508 etiarn
1023 3440 1062 3511 C.
1081 3439 1121 3509 C.
1137 3433 1234 3525 usto,
1260 3433 1295 3508 81
1310 3361 1576 3528 abbisgtlrndo

145 3547 344 3620 avocetur,
371 3553 462 3628 aqua
488 3532 618 3610 itidem
671 3557 720 3608 rae
750 3529 847 3607 osita„
895 3532 1035 3608 Eadem
1061 3532 1238 3607 nimirum
1262 3529 1314 3606 est
1337 3532 1453 3609 αἰαιι
1466 3530 1606 3631 sellun¹¹

141 3627 347 3816 polatpium
362 3627 405 3708 ab
422 3625 618 3708 oleosuhis
642 3655 686 3706 or
751 3629 1103 3723 usliberandiratio,
1128 3626 1516 3731 nifiquodilliccbrue
1585 3668 1590 3675 ·

174 3740 230 3799 eat
278 3779 287 3799 .

146 3920 212 4000 bib
241 3818 423 3898 Omnium
437 3844 529 3900 vero
544 3818 838 3906 commodill'une
855 3824 963 3902 unice
979 3823 1196 3928 operatione
1211 3821 1458 3907 satisfactum
1470 3816 1517 3927 V-

214 3938 327 3997 eatur.
1351 3937 1354 3942 ’

243 4026 276 4115 5
300 4039 356 4114 50.
380 4022 464 4095 Non
483 4021 664 4123 praeteriri
677 4020 790 4098 debet
805 4020 881 4097 hoe
902 4016 986 4097 loco
1006 4022 1216 4099 communis
1244 4021 1301 4099 illa
1325 4022 1506 4110 moderno
1560 4028 1565 4039 '

142 4136 269 4193 comn.
277 4114 411 4193 unium
434 4115 628 4219 chymicor
654 4144 694 4196 m
722 4121 874 4222 opinio,
900 4116 998 4218 quest
1023 4120 1101 4196 olen
1125 4139 1207 4197 tum
1226 4120 1490 4225 vegetabiliter!

154 4213 613 4356 mouumenpyrevmr
641 4215 1498 4333 carffuumuihabtuorvuumfflm

855 2968 941 3022 eum
951 2943 1187 3019 obtinebitur.
