3472 4822
334 340 339 351 ·
402 282 726 423 dogmatice&
735 285 1106 417 experimentalis.
1409 306 1481 435 73

151 485 338 567 Alterutra
359 479 490 561 solutio
508 484 658 563 saturata
675 510 722 564 ex
735 504 874 564 retorta
915 480 1005 565 arvi
1029 491 1067 565 in
1081 492 1193 567 marie
1211 488 1342 569 baln'eo
1356 491 1416 568 vel
1431 494 1479 567 ci·
1572 506 1575 511 ¹

125 582 371 664 ›usleniffimo
390 585 509 660 calore
526 584 750 662 abstrahatur
759 587 805 662 ad
818 610 857 662 m
903 611 932 664 ae
947 585 1162 678 siccitatem3
1179 593 1228 667 ita
1240 590 1387 667 circiter
1398 590 1478 668 sub·

125 710 143 763 t
189 688 286 760 ortio
307 683 453 786 spiritus
473 686 572 785 apud
587 684 724 760 calcem
750 686 789 760 in
808 681 929 761 forma
944 682 1034 762 sicca
1049 687 1213 780 restabit,
1239 712 1323 788 quae
1339 712 1478 792 nempe

125 711 187 861 >ll1
190 782 297 858 salina
314 785 392 858 eius
408 788 545 884 portio,
560 783 747 859 metallicis
762 785 946 886 particulis
964 782 1079 877 affixa,
1094 788 1129 862 &
1144 789 1188 864 ab
1204 788 1335 861 iisdem
1351 788 1475 863 deten-

125 878 239 985 Jnosts
255 883 406 957 interim
423 880 542 955 calore
565 878 770 985 propulsu:
787 884 902 973 unde,
924 878 1072 959 stetiam
1094 885 1174 961 haec
1189 884 1296 961 malla
1312 884 1478 963 ulteriori

125 1006 155 1057 e
171 1004 291 1057 arenae
306 1000 491 1083 urgeatur,
513 978 661 1082 spiritus
676 978 734 1055 ille
749 1004 796 1055 va
825 998 996 1057 oretenus
1011 985 1145 1058 iterum
1159 988 1181 1059 l
1196 981 1385 1061 metallicis
1394 1009 1476 1088 par-

124 1106 130 1154 r
146 1079 399 1182 depellitur,&
415 1078 473 1153 vel
489 1080 527 1153 in
543 1102 676 1177 aquam
690 1077 752 1153 seu
765 1006 940 1182 pltlegma
958 1084 1155 1184 proprium
1171 1078 1410 1197 praeposrtum
1427 1108 1476 1162 ex

124 1184 202 1261 .vel
214 1205 283 1283 per
296 1177 332 1254 se
351 1202 398 1253 ex
419 1194 525 1279 parte
539 1181 578 1252 in
593 1175 744 1252 lluidam
760 1176 1012 1273 substantiam,
1039 1178 1160 1259 rursus
1176 1178 1372 1284 colligitur.
1421 1188 1477 1257 ln·

124 1279 237 1357 thaec
251 1278 418 1380 operatio
464 1300 508 1351 ro
528 1274 859 1365 demonstratione,
886 1294 1000 1375 quota
1015 1281 1160 1373 circiter
1183 1301 1269 1381 pars
1281 1278 1473 1377 salinarum

124 1376 293 1455 lcularunr
308 1399 418 1450 corto
433 1399 574 1451 tvarum
592 1376 665 1467 (in)
687 1372 871 1476 spiritibus
887 1374 945 1451 his
967 1374 1083 1453 lateat
1228 1426 1231 1431 -

124 1478 154 1563 i.
184 1504 240 1578 ¹7·
264 1480 317 1551 De
331 1491 455 1552 cetero
471 1475 648 1571 butyrum
661 1497 812 1573 quoque
829 1470 1247 1553 antimoniirestificatur
1283 1472 1376 1571 erse,
1386 1503 1473 1555 cum

124 1594 154 1649 n
170 1577 362 1651 communi
376 1577 495 1675 prima
519 1571 766 1663 destillatione,
784 1569 1011 1672 praecipuel‘r
1029 1568 1133 1650 stmul
1152 1501 1354 1652 cinnalaris
1370 1576 1473 1656 subli-

124 1694 164 1765 π,
176 1673 363 1751 ordinarie
377 1672 434 1745 vel
444 1670 635 1761 sublimati,
649 1668 707 1744 vel
719 1666 856 1745 florum
871 1671 1161 1749 antimonialium
1177 1674 1473 1752 &arsenicalium

124 1770 211 1864 tiltil,
235 1772 484 1848 admisceatur.
533 1770 595 1844 Fit
615 1768 688 1844 hoc
703 1768 798 1843 hanc
814 1766 927 1868 ipsam
942 1773 1131 1846 materiam
1148 1773 1186 1847 in
1203 1790 1340 1849 retorta
1353 1777 1471 1851 vitrea

128 1866 197 1947 suo
213 1869 425 1972 recipiente,
466 1869 504 1945 ui
521 1890 656 1967 parvus
669 1890 820 1966 quoque
832 1863 972 1955 sufficit,
988 1892 1034 1942 ex
1050 1892 1158 1944 arena
1165 1869 1370 1962 successivo,
1393 1899 1471 1949 non

123 2026 126 2047 .
144 1968 209 2045 sed
223 1971 287 2068 qui
298 1966 388 2068 juste
404 1893 543 2055 sulicit,
558 1967 643 2069 igne
659 1962 926 2066 propellendo:
952 1967 1054 2078 quod
1071 1966 1310 2069 dignoscitur,
1318 1974 1469 2068 quando

123 2092 148 2143 e
165 2067 297 2145 leniter
320 2065 469 2141 admillo
491 2063 643 2141 materia
664 2060 874 2138 transtillare
897 2062 1053 2164 incrpit3
1079 2065 1144 2163 qui
1158 2069 1317 2168 proinde
1333 2071 1471 2172 gradus

123 2168 319 2243 iscirciter
337 2163 468 2243 servari
481 2161 621 2264 potest,
645 2163 767 2237 donec
782 2159 856 2235 hoc
872 2162 1006 2236 eodem
1024 2162 1115 2237 nihil
1137 2164 1292 2268 amplius
1316 2171 1471 2269 prodire

127 2292 139 2341 2
165 2266 407 2344 admoveatur
430 2282 521 2336 tunc
543 2257 637 2335 collo
659 2276 825 2349 retortae‚
849 2255 874 2334 st
896 2259 935 2333 in
952 2258 1031 2361 ipso
1049 2257 1149 2363 spilla
1172 2267 1321 2341 materia
1348 2267 1470 2355 adhuc

123 2378 155 2457 t,
177 2365 306 2454 carbo,
354 2363 390 2435 ui
407 2363 561 2436 eandem
576 2359 614 2433 in
629 2356 841 2460 excipulum
856 2380 928 2457 pro
957 2359 1058 2434 ellat:
1075 2360 1180 2436 tusto
1195 2378 1284 2438 tunc
1300 2365 1470 2443 nonnihil

123 2518 135 2555 ,
158 2458 187 2539 st
203 2462 293 2562 quid
307 2387 427 2536 adhuc
443 2459 572 2558 liquidi
594 2455 655 2532 seu
669 2452 833 2553 butyroli
849 2384 1024 2557 prodeat,
1048 2457 1138 2534 illud
1159 2484 1309 2561 quoque
1326 2464 1365 2537 in
1379 2467 1469 2541 reci·

123 2584 214 2651 em,
236 2559 373 2635 interea
389 2574 587 2647 remotum,
614 2554 680 2631 reli
707 2578 771 2630 uae-
798 2553 1016 2632 transtillatae
1067 2558 1205 2634 ortioni
1228 2560 1313 2637 addi
1337 2562 1470 2663 potest,

123 2682 223 2735 vero
238 2657 361 2733 relista
374 2656 564 2734 substantia
587 2581 989 2756 aqualtmplicileviter
1007 2580 1468 2763 elulcorataproulteriori

122 2756 195 2835 tine
209 2753 354 2832 seorsrm
367 2755 540 2834 asservari.
1443 2820 1449 2829 .

122 2858 150 2951 ι’
181 2872 237 2946 18.
259 2856 415 2952 Boyleus
430 2877 583 2954 quoque
598 2850 637 2927 in
646 2849 703 2927 Ch
731 2849 834 2928 mista
850 2848 1011 2953 sceptico
1028 2850 1158 2931 alicubi
1172 2854 1403 2933 mentionem
1417 2854 1467 2937 fa·

122 2953 280 3057 rjusdam
296 2952 441 3051 spiritus
455 2952 545 3041 salis,
560 2953 625 3050 qui
642 2953 681 3026 in
694 2874 755 3026 sela
770 2950 949 3027 cruditate
966 2975 1096 3029 aurum
1110 2951 1276 3046 solverit,
1295 2954 1467 3034 redifica-

122 3074 201 3142 ero,
215 3048 387 3151 separatis
400 3046 444 3121 ab
458 3047 537 3148 ipso
552 3071 622 3158 per
635 3047 730 3123 hanc
753 3050 1009 3148 operationem
1050 3052 1243 3128 uibusdam
1259 3057 1388 3130 terreis
1405 3080 1468 3131 ve·
1512 3060 1516 3069 '

122 3152 256 3238 nibus,
270 3169 354 3245 quae
367 3163 493 3220 tamen
507 3164 628 3243 pnma
644 3142 880 3219 destillatione
896 3148 934 3218 in
954 3074 1066 3222 fluida
1081 3147 1273 3226 substantia
1287 3177 1373 3227 cum
1386 3153 1465 3254 ipso

122 3246 241 3327 h'llalle
273 3242 537 3347 intelliguntur,
554 3237 643 3315 illud
656 3263 734 3313 non
748 3240 904 3342 amplius
918 3242 1134 3343 praelliterit.
1183 3248 1255 3323 Sed
1269 3249 1384 3324 dehis
1398 3275 1466 3352 po·

122 3364 207 3425 nter
221 3340 475 3423 fluidorum&
495 3336 697 3417 solidorum
721 3340 1015 3415 commixtorum
1035 3339 1302 3446 separationem
1317 3347 1465 3426 dicendi

133 3444 201 3525 ‘st
437 3527 918 3745 ARTICHLUS.
960 3532 1019 3640 n.

121 3780 292 3893 uror
325 3773 394 3900 rr
433 3736 722 3885 sortior
743 3691 1467 3901 ecoltalirrrrrouusa

460 3928 995 4038 SEPARAYIONE.

685 4066 759 4152 §.r

153 4156 454 4238 Uemadmodum
466 4178 538 4260 pro
556 4153 691 4257 dephle
760 4115 1317 4257 ltionespirituummineralium
1331 4158 1464 4239 tumul·

121 4194 359 4441 ‚uffiff
376 4280 413 4363 g.
428 4278 532 4358 aquae
545 4250 664 4348 fortis,
700 4251 816 4334 nfficit
830 4277 982 4431 qrioque
1002 4254 1157 4334 eosdem
1180 4252 1280 4357 qudi
1293 4254 1463 4459 sphpoelt
1612 4422 1617 4431 Ι
1679 4316 1696 4357 ·.

121 4424 150 4462 ν
