3472 4822
398 246 653 379 dogmatica
678 242 736 349 δ’
751 186 1127 378 erperimentllis.
1408 282 1496 401 77

129 446 235 539 int&
254 444 302 520 ita
316 440 503 521 obstruite
520 442 603 519 vase
618 445 657 520 in
672 445 806 521 eodem
820 446 1027 549 perplures
1045 448 1123 528 dies
1139 450 1403 555 relinquantur,
1417 459 1483 537 do·

129 546 359 651 nigredinem
377 544 563 644 quandam
580 546 618 619 iii
641 541 831 647 superficie
851 548 1080 625 contrahant

134 655 159 728 §-
188 671 246 723 io.
274 640 488 743 Composita
502 666 549 717 ex
563 638 680 718 fluido
696 640 857 719 &solido
872 642 947 721 fixo
963 665 1095 722 mutuo
1108 647 1333 727 divelluntur
1352 678 1487 757 evapo-

129 764 191 833 ine,
208 766 293 842 quae
306 741 364 816 vel
378 738 532 845 simplex
543 741 724 816 exhalatio
748 742 901 818 inauras
915 742 977 835 est,
999 741 1196 823 sifluiditas
1210 748 1267 825 illa
1280 753 1402 827 minus
1417 758 1486 831 uti·

129 844 207 917 ierit
222 869 235 934 ;
257 840 329 928 vel,
357 856 580 955 evaporante
596 841 749 931 materia
763 864 833 942 per
849 858 934 943 apta
947 840 1029 919 vasa
1044 834 1235 923 recolleii'a
1259 847 1296 924 δι’
1310 852 1348 925 in
1362 870 1486 953 guttas

129 932 258 1033 luente,
280 936 471 1015 destillatio
487 939 630 1013 dicitur.

137 1040 257 1113 Priori
268 1039 384 1115 modo
401 1037 569 1113 exhalare
581 1035 831 1137 permittimus
850 1033 1046 1112 solutiones
1065 1036 1191 1114 salium
1204 1039 1415 1139 solidorum,
1429 1051 1484 1137 ni.

129 1134 292 1228 liiminis,
308 1136 457 1227 vitrioli,
480 1134 559 1210 salis
574 1135 802 1224 communis,
825 1157 986 1237 gemmae
1003 1150 1118 1222 ;'tum
1137 1139 1248 1215 etiam
1265 1140 1429 1220 alcalium
1444 1144 1484 1223 fi-

132 1261 173 1309 m
188 1264 199 1322 3
223 1233 360 1409 spetiat
377 1233 450 1309 huc
465 1235 576 1308 etiarn
590 1228 781 1309 exsiccatio
796 1248 879 1309 tuni
893 1233 1156 1338 vegetabilium
1170 1240 1388 1335 recentium,
1400 1260 1483 1323 tum

129 1336 244 1409 rimali
272 1359 313 1408 iis
331 1331 595 1409 desumtorum.
1436 1356 1440 1361 ·

133 1433 362 1535 l'cgetabilia
376 1431 576 1507 commode
595 1427 635 1502 in
653 1427 796 1517 cribro,
810 1441 854 1503 ut
868 1432 930 1502 alii
951 1424 1026 1528 ipsa
1038 1428 1135 1505 bene
1149 1455 1341 1535 permeare
1390 1436 1482 1535 ollit,

129 1550 281 1620 eantur,
305 1527 329 1605 si
345 1529 532 1607 balsamita
547 1529 583 1605 di
598 1527 751 1601 odorata
765 1521 854 1615 sirit,
871 1527 1024 1601 minime
1039 1518 1165 1604 tanlen
1186 1531 1225 1604 in
1247 1530 1344 1627 sole,
1360 1462 1426 1616 led
1441 1540 1482 1619 in

129 1654 170 1705 ra
187 1630 221 1706 a
238 1639 320 1703 abre
336 1628 460 1704 aestivo
474 1626 630 1730 tepido,
654 1648 742 1701 cum
760 1625 903 1723 majori,
923 1627 1111 1727 praecipue
1127 1626 1241 1720 solari,
1259 1633 1379 1709 calore
1397 1661 1484 1738 por-

129 1727 283 1831 psorum
305 1729 451 1803 tenuior
477 1722 596 1801 oleosa
619 1723 817 1799 aromatica
842 1748 929 1798 cum
958 1722 1091 1822 aquosa
1113 1721 1217 1802 simul
1243 1727 1481 1835 dilsiparetur.

141 1852 234 1903 vero
250 1846 325 1901 tam
342 1824 468 1922 sapore
487 1822 710 1900 adstritioria
724 1822 883 1919 quadam
899 1819 1068 1896 facultate
1084 1826 1237 1924 praedita
1254 1824 1345 1921 sunt,
1357 1830 1482 1911 saltem

129 1929 321 2015 ivimento,
336 1924 394 1997 vel
406 1924 488 1997 alias
506 1921 614 2036 super
629 1918 765 2008 asseres,
782 1916 933 2007 mensas,
945 1916 1080 2009 limina,
1099 1922 1259 2022 expandi
1275 1926 1432 2025 possunt

135 2026 261 2099 Paucis
278 2025 325 2098 de
337 2020 496 2097 flosculis
514 2018 695 2095 violarum
711 2015 929 2091 martialium
945 2018 1065 2091 notari
1079 2020 1211 2119 potest,
1253 2026 1330 2100 uod
1347 2025 1481 2107 harum

143 2118 321 2225 sigillatim
335 2120 463 2209 avulsa,
484 2117 655 2217 quamvis
673 2114 824 2189 sollicite
839 2110 1030 2206 exsiccata,
1047 2115 1211 2192 colorem
1226 2044 1332 2197 lirum
1347 2125 1412 2203 viii
1428 2129 1480 2203 ul·

129 2223 345 2319 luaniiluum
365 2222 564 2311 retineant,
584 2237 661 2314 quo
683 2212 846 2292 elabente
871 2212 910 2286 iii
933 2206 1072 2289 slavum
1087 2214 1123 2290 u
1141 2213 1320 2319 pallidum
1336 2240 1479 2303 mutan-

129 2318 253 2395 &astu
268 2315 364 2418 quali
386 2330 675 2418 corrumpuntur
694 2340 705 2398 ς
727 2308 858 2386 livero
875 2311 1029 2427 integrae
1047 2313 1156 2393 violae
1170 2311 1406 2416 exsiccentur,
1421 2350 1481 2402 co·

129 2440 157 2491 m
173 2417 276 2493 suum
290 2415 413 2491 foliola
428 2415 508 2490 haec
522 2409 671 2517 prorsus
686 2409 880 2485 saturatum
896 2426 1066 2485 retinent

140 2519 209 2591 Pro
228 2512 430 2591 curlolitate
447 2512 566 2588 notari
582 2508 713 2626 potest,
728 2510 830 2607 quod
842 2508 966 2583 herbae
981 2508 1016 2584 u
1031 2505 1143 2584 flores
1156 2534 1227 2611 pro
1243 2511 1413 2593 herbario
1428 2519 1481 2595 vi·

129 2614 318 2720 olligendae
332 2614 496 2689 colorem
511 2612 545 2687 &
559 2632 723 2685 virorem
741 2605 847 2683 suum
867 2607 1027 2682 vividius
1047 2608 1082 2681 lii
1104 2610 1241 2684 diutius
1263 2608 1427 2707 servent,
1450 2613 1477 2694 si

129 2732 222 2789 :ente
238 2714 321 2788 luna
338 2713 566 2816 colligantur,
589 2708 776 2810 praecipue
792 2711 813 2779 a
832 2708 956 2805 primo
970 2706 1172 2803 quadrante
1189 2708 1234 2783 ad
1246 2708 1404 2823 plenam.

133 2818 164 2899 l.
196 2838 249 2888 ii.
276 2819 331 2887 Ex
354 2811 568 2887 animalibus
592 2805 767 2883 desumtae
787 2822 927 2908 partes,
947 2803 1146 2903 pulmones
1162 2805 1301 2979 vulpis,
1326 2810 1486 2891 testiculi

139 2964 151 2999 ,
178 2911 391 2985 intestinum
404 2911 499 3008 lupi,
524 2906 717 2981 secundina
739 2902 916 2991 humana,
939 2902 1112 2977 lumbrici
1125 2922 1223 2977 terre
1255 2930 1313 2981 res
1327 2908 1395 2985 die.
1419 2934 1481 2988 va.

129 3011 238 3085 nodis
254 3006 502 3083 exnecantur:
530 3004 777 3077 communiter
798 3003 836 3075 in
855 3004 965 3075 maris
989 2999 1120 3076 balneo
1131 3005 1331 3103 ponendo,
1352 3006 1387 3083 a
1411 3007 1478 3083 hu·

129 3106 269 3183 alorem
294 3103 498 3179 ferventem
520 3080 662 3172 talndiu
682 3099 951 3186 continuando,
974 3100 1094 3173 donec
1127 3102 1348 3179 humiditate
1380 3122 1477 3182 tran·

129 3225 161 3282 :a
186 3230 322 3306 corpus
343 3204 382 3277 in
397 3198 514 3274 fundo
527 3192 662 3271 liceum
675 3212 873 3268 remaneat
920 3195 1118 3271 Pulmones
1133 3198 1253 3299 vulpis
1269 3201 1310 3275 in
1333 3201 1477 3283 clibano

129 3322 324 3479 basilian
348 3391 667 3479 vcro'terrellres,
697 3389 787 3462 vino
811 3384 951 3495 abluti,
979 3383 1158 3503 sigillatim
1185 3390 1293 3507 super
1317 3394 1477 3475 tabulam

129 3502 261 3577 iilendi
279 3499 369 3589 sunt,
386 3494 530 3572 simulac
546 3486 710 3573 suffocati
727 3484 886 3573 fuerint3
913 3485 939 3559 li
960 3509 1060 3561 enim
1075 3506 1271 3565 acervatim
1290 3493 1476 3573 cumuleu·

129 3620 187 3675 tut
206 3599 279 3673 hoc
293 3598 408 3671 modo
425 3596 463 3668 in
478 3596 558 3668 ΜΒ.
578 3606 774 3691 ponantur,
788 3587 826 3659 in
838 3606 969 3699 aquam
986 3582 1239 3681 resolvuntur.;
1255 3591 1472 3673 undeetiiin

129 3724 158 3774 ir
176 3698 440 3772 lumbricorum
453 3689 678 3767 terrestrium
694 3702 852 3790 paratur,
867 3682 965 3783 ipsos
984 3684 1022 3757 iii
1038 3686 1136 3759 vitro
1154 3685 1328 3791 obligato,
1342 3688 1381 3764 in
1395 3692 1476 3797 glo-

139 3794 255 3871 malsae
271 3793 428 3898 panaria
442 3792 629 3883 involuto,
654 3792 693 3865 iii
708 3784 890 3861 clibanum
911 3783 1167 3877 immittendo,
1190 3787 1237 3862 ad
1248 3788 1478 3889 panisexco·

129 3919 209 3973 iem.

136 3990 346 4073 Commode
362 4010 453 4063 vero
472 3982 875 4062 secunilinaexliccatur
890 3980 1037 4061 inclusit
1048 3978 1158 4087 super
1176 3976 1336 4067 fundum
1347 4010 1477 4067 cucur·

132 4154 144 4187 ,
165 4092 224 4171 vel
239 4089 352 4170 limile
366 4091 528 4179 vitrum,
541 4087 633 4164 vino
644 4085 749 4188 prius
761 4082 892 4160 abluta.
1205 4114 1208 4121 ·
