3472 4822
371 326 375 335 .
415 202 747 380 dogmatice&
771 243 1139 378 experimentato.
1423 268 1525 399 129

129 439 480 542 llrisptdverulentae
493 440 704 535 substantiae,
729 468 818 523 rum
833 445 916 527 oleo
932 464 1057 525 autem
1071 446 1239 525 nonnihil
1261 446 1408 553 spiritus
1428 445 1522 529 acidi

136 545 219 619 exci
249 540 352 617 ulum
366 540 562 617 tranllillat

170 569 247 715 Seri
258 640 332 737 jam
346 640 409 713 hic
427 638 550 739 liquor
572 637 736 729 interes,
761 666 899 743 nempe
913 640 1112 741 aquofitate
1135 639 1195 719 suu
1210 642 1357 745 copiosa
1369 642 1517 739 dilutus,

138 739 265 813 oculos
282 755 458 840 ponatur,
482 736 598 817 rlarur
625 704 728 813 eli&
749 740 967 841 pellucidus‚
991 740 1076 817 licet
1098 765 1183 816 cum
1202 742 1326 840 ,aliqua
1352 737 1514 831 mollitie,

129 858 181 933 ¹,ue
203 838 296 913 adeo
330 834 593 913 salino-oleoso
621 852 758 915 terreas
790 838 982 953 particulas
1003 838 1074 917 late
1100 840 1134 915 dr
1158 836 1363 919 tenuillime
1387 841 1426 914 in
1449 838 1513 915 suo

136 928 263 1010 fundio
290 932 473 1009 distrastas
501 934 670 1009 continet
695 962 704 1008 :
728 960 773 1009 eo
800 934 879 1035 rpso
903 956 1046 1026 autem,
1071 940 1175 1037 quod
1205 938 1264 1013 ille
1290 964 1336 1016 ex
1360 934 1509 1013 formali

129 1030 258 1115 iditatir
283 1032 322 1107 in
348 1034 525 1112 continuo
552 1032 721 1108 intestino
746 1050 854 1109 motu
878 1034 941 1125 est,
964 1034 1033 1113 lras
1054 1060 1130 1135 quo
1159 1062 1205 1113 ue
1227 1034 1294 1113 fibi
1320 1036 1511 1136 intersper-

167 1130 333 1213 articulas
356 1130 480 1205 secum
496 1132 666 1233 coagitat.
713 1136 811 1211 Dum
826 1130 901 1211 hou
920 1062 1195 1231 aliquandiu‘it,
1218 1132 1405 1211 terrestres
1452 1158 1511 1211 ¹ar·

129 1157 189 1313 tiae
207 1230 344 1333 partim
360 1246 492 1304 mutuo
511 1228 680 1315 occursu,
704 1232 841 1333 partim
862 1229 1028 1309 violento
1051 1231 1259 1309 oleosorum
1285 1232 1324 1306 in
1344 1232 1418 1307 hoc
1430 1159 1514 1307 gui-

139 1351 163 1404 a
192 1326 283 1405 uoso
306 1329 505 1430 agilitatem
528 1328 628 1403 suam
652 1326 764 1403 libere
794 1332 1045 1409 exercentium
1067 1326 1275 1419 seceliione,
1301 1332 1340 1405 in
1364 1326 1513 1409 frustilla

129 1355 267 1519 iuscula
299 1428 559 1516 concrescunt,
589 1426 692 1501 &ita
718 1426 888 1517 tudima,
918 1447 961 1503 ut
981 1430 1118 1529 partim
1143 1432 1165 1503 i
1192 1445 1300 1505 motu
1323 1424 1514 1503 fluiditatir

129 1549 195 1601 eae
211 1523 349 1699 imrsseffl
401 1521 518 1615 olirnt,
544 1524 588 1599 ad
612 1520 769 1601 fundum
795 1522 986 1601 sublident
1031 1530 1131 1603 Cum
1159 1549 1249 1600 vero
1276 1527 1315 1600 in
1339 1527 1514 1601 omuibus

133 1624 266 1703 etabil'
294 1647 336 1697 us
360 1551 497 1723 dirplex
516 1620 679 1703 olcolitas
701 1621 759 1711 lit,
780 1624 895 1701 altera
917 1622 1064 1699 tenuior
1089 1622 1125 1699 ἃ
1147 1624 1188 1697 in
1211 1622 1423 1700 alimentum
1450 1648 1513 1697 ve·

129 1722 238 1807 abilis
264 1722 336 1819 jam
371 1738 452 1796 tum
472 1719 673 1812 eonversa3
698 1721 808 1799 altera
863 1720 1012 1811 colitur,
1037 1719 1279 1811 bituminosa,
1310 1723 1512 1799 eterra&

131 1844 165 1896 a
195 1818 353 1908 secreta,
379 1820 412 1894 u
439 1819 591 1894 demum
616 1819 654 1893 in
676 1819 755 1895 adiu
780 1745 952 1899 intimato
978 1816 1153 1920 specificae
1175 1814 1511 1897 transformationis

129 1914 253 2007 lens3
280 1918 382 2019 prior
409 1917 466 1991 illa
493 1917 628 2017 liquori
657 1916 855 1995 intermista
882 1932 1007 1993 manet
1036 1914 1207 1991 salsedine
1240 1910 1347 2016 ipsrus
1372 1917 1422 1991 illi
1449 1919 1510 1992 ad·

129 2015 311 2107 ’escente,
365 2012 517 2093 osterior
532 2039 621 2091 vero
635 2010 805 2117 groll'rori
819 2032 948 2093 terreae
999 2015 1136 2088 ortioni
1151 2011 1397 2089 adhaerescens
1422 2038 1512 2093 cum

157 2111 284 2190 sensim
318 2040 505 2195 difidente
519 2113 563 2187 ad
572 2110 730 2191 fundum
741 2113 907 2203 trahitur,
927 2041 1062 2189 &ituit
1078 2110 1281 2189 sedimento
1296 2111 1511 2188 unstuosam

129 2216 250 2293 ricam
263 2210 365 2289 velut
380 2210 667 2315 saponisormem
684 2208 794 2289 confit
799 2212 950 2289 lentiam
971 2210 1164 2286 conciliat:
1186 2232 1260 2285 una
1277 2233 1366 2285 vero
1392 2210 1512 2308 aliqua

129 2312 199 2387 ·tio
214 2308 290 2395 salis
308 2335 393 2385 cum
406 2308 576 2414 groffiori
590 2309 658 2389 hac
672 2328 767 2385 terra
787 2310 822 2389 dt
840 2304 1042 2398 oleosrtate,
1066 2310 1200 2409 partim
1224 2308 1348 2396 mixta,
1377 2311 1513 2407 partim

129 2432 197 2483 em
220 2408 412 2498 obvoluta,
438 2410 483 2484 ad
506 2404 665 2485 fundum
681 2432 721 2483 ra
750 2411 833 2487 itur.
883 2407 1023 2484 Dicitur
1037 2405 1117 2482 baec
1138 2403 1330 2483 substantia
1344 2400 1406 2482 fex
1421 2406 1510 2497 vini,

129 2530 201 2589 ton
220 2508 336 2582 modo
361 2502 551 2608 copiosum
571 2505 694 2581 oleum
751 2502 852 2581 ilium
871 2502 1136 2581 bituminosum
1151 2505 1318 2581 examine
1339 2503 1435 2606 ignis
1453 2526 1513 2581 ex·

129 2602 267 2775 letsed
284 2606 319 2685 &
337 2622 473 2687 terram
488 2604 698 2711 plurimam,
722 2530 757 2683 Ξ(
782 2603 1022 2705 quantitatem
1046 2601 1124 2679 salis
1147 2620 1228 2679 tum
1254 2598 1319 2681 fini
1342 2619 1423 2677 tum
1449 2626 1516 2677 vo·

148 2728 186 2785 18,

169 2813 199 2897 l.
229 2826 284 2880 rr.
306 2808 550 2903 Supernatans
566 2824 656 2877 vero
670 2798 791 2876 tenuis
809 2796 933 2897 liquor
948 2795 1173 2875 subtiliorem
1188 2798 1412 2873 oleosrtatem
1429 2819 1516 2872 con·

129 2904 165 2977 ei
179 2901 354 2987 continet,
379 2898 441 2973 scd
457 2925 534 2975 non
549 2900 705 3001 amplius
721 2898 884 2987 liberam,
905 2896 967 2973 sed
987 2922 1073 2973 cum
1087 2898 1184 2973 bona
1228 2898 1513 2993 uantitateaquae

151 2996 371 3100 phlegmatis
393 2994 637 3071 &momento
662 2998 776 3099 longe
803 2992 1016 3072 tenuillrmae
1040 2995 1156 3072 salinae
1175 2992 1214 3070 su
1241 2996 1377 3071 llantiae
1393 2994 1433 3068 in
1449 3016 1514 3067 no-

129 3120 164 3173 n
179 3096 338 3171 mixtum
352 3088 603 3189 conjunslam,
629 3096 732 3189 quod
749 3091 916 3193 spiritum
937 3097 1128 3170 ardentem
1155 3096 1338 3178 dicimusa
1366 3098 1431 3192 qui
1449 3090 1516 3165 mi·

129 3221 198 3284 ne,
225 3192 280 3267 uti
303 3189 435 3291 vulgus
453 3214 479 3263 ο
508 3206 695 3263 eratorum
718 3186 975 3283 chymicorum
999 3192 1177 3281 credidit,
1201 3190 1428 3291 principium
1453 3186 1516 3263 seu

149 3295 220 3369 ‘am
237 3288 301 3365 sub
317 3288 387 3362 hac
402 3213 629 3363 couiistentia
645 3286 684 3358 in
697 3283 775 3387 ipsa
790 3310 860 3359 uva
874 3285 1049 3399 praesens,
1079 3286 1113 3359 &
1129 3310 1228 3359 nunc
1244 3287 1366 3359 saltem
1385 3284 1513 3358 libera·

135 3321 364 3491 irseparatm
384 3384 520 3474 exiliit,
542 3382 604 3459 sed
624 3383 705 3460 asiu
720 3407 818 3460 nova
839 3382 1018 3457 murtione
1034 3379 1097 3455 sub
1118 3376 1197 3479 ipso
1221 3380 1301 3456 aliu
1322 3378 1517 3455 fermenta·

130 3481 607 3565 nisinhancconsrstentiam
622 3481 799 3571 redastus,
807 3482 858 3555 uti
867 3502 957 3557 mox
965 3478 1004 3553 in
1013 3478 1127 3554 altero
1136 3478 1308 3579 exemplo
1318 3475 1468 3579 patebit.

179 3586 362 3687 Qoniam
388 3604 512 3661 autem
537 3606 614 3659 non
644 3581 762 3659 modo
791 3576 1026 3655 terrestreitas
1053 3578 1225 3677 copiosa,
1246 3600 1331 3675 quae
1354 3590 1457 3650 antea
1476 3576 1517 3651 in

129 3710 145 3759 e
162 3682 276 3761 soluta
292 3682 427 3773 fuerat,
452 3682 504 3761 ³&
529 3682 682 3781 quidem
694 3680 851 3755 tenuiter
867 3702 951 3767 cum
966 3678 1025 3753 dia
1053 3675 1234 3751 haneitate
1247 3674 1425 3773 liquoris)
1453 3670 1517 3749 sed

129 3807 174 3857 co
204 3780 275 3857 iosa
297 3778 440 3861 crailior
464 3778 650 3870 oleolitas,
672 3778 748 3879 jam
773 3777 820 3853 ad
845 3771 1002 3851 fundum
1027 3704 1188 3864 ieceffit,
1239 3790 1409 3875 ropterea
1434 3773 1520 3848 duae

129 3809 279 3957 cesaria:
293 3882 514 3955 mutationes
543 3878 768 3977 sequuntur3
794 3873 905 3951 altera
925 3875 964 3949 in
986 3873 1156 3950 acredine
1189 3799 1252 3947 stpu
1278 3870 1518 3975 penetranda,

129 4004 189 4055 era
208 3981 245 4052 in
264 3978 469 4067 dulcedine,
496 4001 579 4075 quae
596 3992 687 4051 utrae
715 3998 762 4048 ue
776 3972 905 4075 sapore
924 3972 1216 4075 dignoscuntur:
1240 3996 1324 4045 cum
1346 3968 1518 4043 videlicet

129 4074 320 4155 restreitas
347 4077 432 4163 illa,
485 4098 540 4148 uae
564 4076 665 4175 prius
684 4001 831 4148 salinam
853 4088 996 4173 partem
1016 4069 1252 4159 saturaverat,
1279 4068 1374 4144 &ita
1389 4065 1516 4139 lentio-

129 4204 160 4253 m
178 4177 215 4250 in
232 4197 341 4254 motu
352 4100 574 4267 reddiderat,
598 4171 681 4264 seu,
703 4190 744 4249 ut
756 4170 815 4247 alii
832 4168 1052 4271 loquuntur,
1073 4167 1208 4273 spicula
1223 4168 1301 4267 ejus
1314 4163 1519 4253 obtuderat,
1569 4266 1576 4279 Ι

129 4282 219 4351 Pars
236 4286 282 4359 ll.
918 4290 939 4343 r
1416 4283 1516 4336 nune
