3472 4822
370 216 691 399 'dogmatice
710 262 1156 401 &experimentato
1424 294 1501 413 39

150 468 292 547 crocus
316 462 451 543 Martis
472 460 706 567 firlphurrtus
726 464 766 540 in
788 460 981 567 pulverem
1009 460 1176 539 reduihu
1199 460 1247 540 ad
1268 454 1498 571 semi0giti

127 567 244 647 uversr
260 566 491 644 altitudinem
512 566 552 639 in
565 562 710 639 vasculo
723 562 823 664 pleni
838 558 945 638 fundi
960 562 1033 637 leni
1043 561 1332 641 incandescentia
1343 566 1499 683 ignitur,

127 690 156 743 n
169 694 213 747 ea
236 692 305 765 per
319 662 452 743 horem
466 686 579 739 unorn
594 662 653 737 vel
674 661 823 737 alteram
843 660 1081 761 rehoquitur,
1100 664 1287 739 interdum
1301 687 1380 742 non
1403 664 1509 741 nilru·

127 768 248 847 nudus
268 764 330 841 seu
352 762 610 867 subigendos,
631 786 679 835 ne
692 762 732 835 in
750 763 918 837 duriores
932 760 1385 865 glebosconcrescot,post
1396 760 1496 841 hanc

127 856 334 945 irationem
355 862 418 938 seu
436 860 794 952 reverberationem,
815 866 900 957 (tot
913 858 1091 937 horarum
1107 862 1273 953 circiter,
1326 880 1394 937 not
1410 860 1499 943 sunt

127 964 182 1057 ἑκ,
206 984 288 1053 aut,
311 964 397 1039 licet
410 956 768 1050 multaefint'unciae,
790 958 937 1035 interim
953 982 1032 1047 non
1052 956 1252 1063 ultrnspilh
1320 964 1419 1037 inem
1443 962 1497 1039 ui·

127 1066 205 1159 nin
223 1060 308 1141 vose
321 1056 554 1149 strmificacae,
578 1058 696 1134 trium
710 1057 770 1134 vel
787 1061 966 1159 quotuor)
989 1058 1076 1133 huic
1091 1059 1217 1137 eidem
1229 1084 1343 1135 croco
1368 1058 1502 1141 ostova

127 1161 198 1239 lter
211 1184 300 1265 pers
312 1160 496 1274 sulphuris
511 1156 720 1260 pulverisati
733 1160 859 1233 denuo
872 1157 1165 1250 commiscentur,
1178 1160 1225 1237 ad
1241 1158 1505 1237 reverberium·

127 1282 309 1365 ponetur,
323 1259 510 1363 agitando,
527 1254 607 1333 &fi
626 1280 722 1359 opus
737 1252 790 1349 lit,
805 1257 982 1347 terendo,
1003 1278 1085 1333 tum
1097 1256 1391 1339 crudescentium
1407 1282 1498 1333 eon·

127 1362 229 1437 rnrlo
245 1356 424 1436 infistutur
436 1372 578 1449 sitente,
596 1356 745 1455 hocque
757 1358 894 1431 iterum
908 1356 1030 1433 odditu
1047 1354 1175 1435 oslava
1190 1372 1294 1460 parte
1311 1350 1505 1457 sulphuris·

127 1476 266 1545 tanus
289 1476 370 1532 turn
390 1458 544 1532 demum
566 1454 693 1557 pulvis
703 1455 782 1547 hie,
804 1452 994 1557 htempus
1009 1454 1205 1558 suppetet,
1225 1454 1356 1531 leviter
1370 1454 1496 1533 made·

127 1582 164 1635 ιε
177 1562 219 1635 in
240 1556 325 1631 loco
344 1555 462 1633 libero
487 1555 562 1629 aeri
635 1557 718 1631 rvio
740 1552 915 1630 umbroso
936 1553 1152 1659 seponatur,
1179 1578 1339 1658 cuprum
1355 1553 1500 1654 sliquos

128 1647 338 1735 manarum
349 1654 466 1757 spurio
482 1654 553 1728 ine
593 1651 809 1729 orescentias
825 1656 962 1730 virides
973 1651 1148 1747 transibit,
1161 1654 1407 1732 &maximam
1413 1674 1502 1755 pare.

127 1756 180 1833 in
195 1754 384 1831 vitriolum
404 1750 552 1828 fatiscet.
600 1754 639 1828 si
653 1776 746 1829 vero
765 1753 872 1829 citius
888 1755 1034 1857 operosi
1046 1752 1207 1855 placeat,
1224 1754 1348 1854 pulvis
1359 1748 1422 1827 hic
1435 1774 1500 1826 co-

127 1876 184 1931 ur
198 1878 285 1931 cum
304 1875 398 1952 aquo
424 1848 579 1953 simplici
593 1876 662 1954 per
677 1852 820 1951 aliquot
833 1852 960 1941 hores,
980 1850 1177 1928 decollurn
1189 1852 1249 1927 vel
1263 1852 1499 1927 decantando

127 1948 294 2031 ihrando
310 1958 332 2027 ἃ
350 1947 494 2026 residuo
508 1949 661 2052 pulvere
677 1949 858 2025 secretum
872 1972 969 2025 mox
994 1968 1216 2050 evaporetur
1231 1952 1279 2026 ael
1293 1950 1435 2040 tertias,
1455 1948 1503 2027 &-

127 2048 418 2153 ryllullisandum
442 2064 655 2152 reponetur.
705 2052 744 2125 Si
765 2046 921 2147 crystalli
942 2049 1111 2124 nondum
1132 2046 1312 2139 crescant,
1338 2046 1499 2151 emplius

127 2156 284 2244 hurane,
298 2151 472 2225 &denuo
487 2148 534 2224 ad
551 2149 717 2247 quietem
731 2172 771 2223 re
802 2165 943 2239 onutur,
957 2147 1079 2251 pulvis
1092 2144 1254 2224 residuus
1268 2168 1386 2251 pauca
1398 2168 1500 2227 novo

127 2246 267 2327 rufius
290 2251 430 2325 diutius
442 2250 574 2363 coqui,
601 2246 638 2323 u
658 2245 733 2321 hoc
756 2174 953 2323 oicouum
977 2264 1020 2323 ut
1045 2248 1148 2348 prius
1169 2245 1334 2337 trailsri,
1362 2244 1498 2347 potest.

127 2368 183 2425 uc
194 2370 390 2425 remanens
404 2346 527 2449 pulvis
547 2369 634 2421 cum
647 2347 787 2422 recenti
807 2344 935 2423 octava
948 2360 1054 2449 porte
1073 2342 1258 2450 sulphuris
1271 2344 1409 2423 mixtus
1423 2366 1498 2447 per

127 2446 245 2523 uiuri
256 2449 358 2549 prius
372 2444 518 2523 onerari
539 2444 660 2520 deber
1260 2490 1268 2513 .
1474 2470 1481 2487 ·

146 2546 445 2623 Fundamentum
461 2544 574 2646 hujus
587 2543 815 2648 operationis
829 2542 882 2619 est
896 2544 997 2619 idem
1014 2566 1102 2619 curn
1120 2556 1204 2620 ente
1221 2538 1322 2618 disto
1342 2565 1412 2644 per
1424 2538 1499 2645 spi-

127 2643 315 2721 nvitrioli
329 2644 388 2719 vel
400 2642 593 2745 sulphuris,
604 2638 669 2719 nih
681 2644 833 2741 quodin
846 2642 914 2719 illis
927 2641 1078 2745 spiritus
1092 2640 1230 2719 vitrioli
1238 2642 1393 2717 demum
1401 2637 1500 2715 seor·

127 2760 373 2847 praeparetur,
385 2744 421 2818 8(
435 2760 657 2846 praeparatus
672 2745 784 2819 Marti
798 2740 1021 2832 affunditur3
1045 2742 1108 2818 hic
1121 2764 1215 2817 vero
1225 2738 1345 2817 statim
1359 2736 1496 2841 inipso

127 2860 155 2917 u
171 2858 457 2917 concontratur:
479 2838 504 2915 fr
525 2843 647 2942 itaque
664 2838 688 2916 s
706 2844 810 2917 iritus
830 2840 969 2918 vitrioli
986 2840 1046 2917 vel
1068 2839 1250 2945 sulphuris
1265 2840 1305 2913 in
1324 2838 1434 2939 copia
1449 2837 1502 2917 ad

127 2936 273 3115 gsiut,
290 2942 394 3041 prior
408 2940 591 3039 processus
606 2868 747 3017 facilior
764 2940 844 3031 οὓς
868 2938 894 3017 sl
911 2940 1066 3019 demum
1083 2933 1410 3047 praepuraodisrnt,
1424 2960 1494 3041 po·

146 3148 175 3225 ι
201 3148 259 3225 28.
285 3130 434 3235 Species
449 3129 738 3207 caemenetioni's
751 3136 1000 3234 pertinentrd
1015 3132 1266 3211 corrosionem
1280 3130 1433 3231 liccam,
1458 3133 1500 3211 Sa

127 3232 188 3331 q'nr
202 3256 274 3337 pro
291 3252 447 3335 argento
463 3226 639 3327 exquisite
658 3232 877 3328 deputando
891 3230 1144 3333 suscipiuntur,
1162 3235 1299 3336 partim
1339 3258 1384 3309 ro
1393 3254 1499 3308 auro.

127 3334 200 3410 rim
216 3334 348 3407 donmr
363 3330 478 3403 eriam
499 3330 794 3403 caemcntationes
810 3328 1023 3426 syncriticae,
1046 3334 1302 3434 componendi
1312 3260 1379 3407 seu
1393 3352 1502 3406 conr·

127 3432 198 3509 ndi
211 3426 294 3519 line,
308 3448 348 3503 ut
361 3427 579 3531 gradotoriae
597 3427 631 3502 u·
646 3422 833 3502 fixatoriae.

147 3531 290 3609 Priores
304 3526 601 3603 ariministrcntur
645 3549 685 3599 er
702 3522 842 3629 species
857 3546 962 3625 rquae
977 3520 1066 3599 forti
1081 3520 1232 3626 &aquae
1242 3544 1283 3599 re
1313 3524 1342 3597 's
1354 3524 1415 3599 vel
1426 3520 1498 3626 spi·

127 3624 226 3705 isalis
244 3627 530 3709 communem&
547 3552 831 3700 funilamcntum
848 3624 1074 3726 operationis
1082 3626 1121 3699 in
1139 3648 1185 3699 oo
1200 3648 1272 3699 con
1286 3620 1499 3723 rstitequod

127 3746 379 3828 marsupium,
401 3724 460 3799 vel
479 3724 576 3799 aliud
593 3720 707 3799 simile
732 3722 940 3813 metallum,
960 3722 1020 3800 vel
1044 3722 1167 3827 ipsum
1180 3744 1329 3813 aurum,
1353 3724 1502 3802 eumin·

127 3822 207 3913 rsrt,
231 3824 319 3899 tales
335 3822 453 3897 sulinae
465 3821 602 3923 species
619 3823 819 3913 addentur,
843 3846 927 3922 quae
944 3846 1127 3927 vaporem
1147 3824 1343 3915 emittunt,
1356 3822 1422 3922 qui
1442 3822 1497 3899 lu·

127 3924 303 4037 squidem
323 3944 400 3995 non
429 3923 555 4011 rodae,
581 3919 720 4020 reliqua
737 3946 829 3998 vero
851 3920 996 3998 metella
1018 3920 1203 4013 imbibat,
1226 3921 1329 4025 cujus
1346 3922 1499 4027 generis

127 4023 338 4121 :sequentes
353 4016 647 4120 compositiones.
678 4083 682 4089 .

142 4122 241 4198 Reci'
264 4122 382 4195 iantur
406 4118 567 4219 pulveris
595 4116 749 4192 luterum
799 4132 864 4193 ort.
883 4119 919 4218 ij.
945 4112 1087 4193 vitrioli
1107 4116 1290 4209 calcinoti,
1316 4118 1404 4193 nitri
1427 4138 1498 4193 ano

127 4238 186 4326 ἐ.
223 4144 304 4299 sius
326 4216 540 4297 communis·
556 4238 644 4320 pors
667 4218 709 4319 sl.
731 4239 757 4293 v
815 4214 895 4299 suu
918 4216 1142 4301 ammoniaci
1161 4216 1344 4325 particula
1367 4234 1498 4391 φωνεῖ
