3472 4822
140 297 256 409 1421
633 262 926 367 Fundamenta
944 262 1116 401 (hylnt'ae

139 460 262 540 sollio
273 462 385 565 hujus
400 466 446 539 ad
464 462 602 561 aliquot
618 462 725 541 horas
736 464 991 552 contineatur,
1003 464 1055 543 ita
1073 480 1216 539 exemta
1230 459 1427 543 substantia
1443 493 1514 571 per

144 582 249 641 teum
258 558 579 663 colatabuexprella
589 564 626 635 in
641 558 826 665 ¹frigidiori
840 568 924 641 aere
942 558 1048 636 densa
1056 558 1112 647 fit,
1139 560 1324 661 reliquum
1338 589 1452 661 vero,
1477 576 1527 647 a<

147 679 258 742 tenue
273 660 347 735 hoc
369 660 573 761 enprellum
590 658 659 751 est,
712 662 964 761 ropemodum
988 662 1026 735 in
1049 656 1204 733 farinam
1230 666 1506 743 comminutum
1525 662 1527 731 ἔ

246 770 276 851 l.
304 784 358 849 13.
385 760 650 857 coquinarium
683 688 755 837 lior
780 756 977 837 mulierum
1004 758 1038 833 a
1062 754 1161 857 quali
1185 758 1384 841 ridiculum
1409 788 1527 867 opus=

143 857 298 935 Interim
316 860 462 1031 pppcrn
479 858 762 935 instrumentum
777 854 881 947 illud,
907 859 1010 955 quod
1022 856 1134 931 hodie
1150 858 1348 949 muantur,
1373 859 1527 943 laMach

145 980 244 1059 pour
262 980 347 1031 amo
418 957 545 1047 lesos,
570 953 631 1029 seu
646 954 857 1037 blachinam
873 978 944 1055 pro
963 954 1193 1029 emolliendis
1212 952 1364 1047 ollibus,
1389 982 1527 1071 quamt

144 1078 258 1155 quam
273 1050 486 1133 curiositatis
494 1054 658 1155 Anglieae
672 1054 865 1129 inventum
882 1048 1006 1131 listunt
1016 1052 1274 1155 ephemerides
1290 1056 1527 1143 c'uriolorum¹

176 1150 352 1241 srensrum,
371 1178 453 1250 quae
463 1152 630 1253 operatio
639 1153 768 1245 eadem
780 1150 1029 1243 camisilem,
1048 1154 1527 1253 tantumcommodioribus,

146 1178 575 1353 llrumentispengitun
590 1250 658 1327 olla
674 1250 844 1327 videlieet
857 1250 892 1327 d
905 1274 1052 1339 cornua,
1068 1250 1527 1361 &omnesdur·iores‚corpa

149 1348 285 1467 partes,
298 1346 490 1429 seusolidae
498 1346 855 1440 terrcaesubstantiae,
869 1348 953 1429 sunt
961 1349 1102 1451 glutine
1112 1348 1185 1423 hoc
1193 1347 1527 1451 plusminusexfioe

151 1448 708 1552 rutenacitatemautplenarianr
717 1448 892 1529 duritiem
900 1464 1176 1551 coagmentatae.
1225 1451 1263 1523 Si
1273 1449 1377 1525 enim
1387 1474 1431 1527 os
1445 1452 1527 1531 velt

150 1571 203 1623 nu
223 1546 324 1625 cervi
344 1571 431 1622 cum
447 1546 521 1625 sola
541 1569 581 1642 v
604 1550 795 1629 communi
809 1564 988 1645 coquatur
1008 1546 1087 1621 dies
1105 1574 1137 1621 ι.
1156 1544 1216 1621 vel
1235 1574 1268 1639 ς.
1285 1548 1326 1621 in
1342 1546 1471 1625 vasco

151 1664 188 1729 v
203 1660 384 1744 quantum
392 1644 513 1747 potest
521 1642 712 1736 bulliente,
735 1647 815 1747 jure
825 1642 988 1719 craffiore
998 1642 1169 1733 subinde,
1198 1648 1448 1746 praecprimo
1493 1674 1527 1743 e,-

153 1738 252 1839 firso,
274 1743 347 1818 &li
377 1768 466 1819 uore
484 1744 603 1821 adhuc
614 1768 735 1822 vacuo
751 1746 875 1821 denuo
893 1742 1065 1833 admisto,
1089 1759 1212 1817 totum
1226 1766 1269 1817 os
1284 1746 1527 1839 autemnam

149 1864 224 1939 que
244 1768 407 1925 concidit
422 1845 461 1918 in
477 1848 567 1940 gem
583 1840 724 1931 album,
741 1840 993 1933 &vadlribita
1011 1858 1205 1943 evaporata
1215 1840 1346 1941 gluten
1364 1842 1471 1938 illud,
1516 1872 1527 1921 ι

154 1944 261 2039 ιξιτιῐι
268 1938 370 2015 hunc
385 1938 1084 2043 intamamfirmitatemolimco'e'gerat,
1110 1942 1149 2013 in
1163 1934 1285 2021 tundo
1297 1872 1527 2049 relinquitfll

154 2036 323 2119 cortrone
336 2036 442 2115 valde
458 2036 1021 2123 immutatuminsuatenacitat'e.
1407 2068 1414 2079 ·

249 2147 279 2229 l.
309 2163 365 2235 14.
393 2134 562 2221 Mirabile
580 2136 729 2211 interim
744 2134 818 2228 est,
841 2138 944 2236 quod
960 2134 1033 2211 sola
1048 2134 1130 2215 haee
1149 2130 1454 2217 substantiatum)
1465 2152 1527 2215 ten

31 2234 34 2240 ’
153 2230 242 2311 sima
265 2234 327 2309 tali
341 2250 441 2311 terra
462 2238 503 2309 in
524 2252 600 2310 tam
621 2232 836 2316 immensam
860 2232 1127 2317 firmitudinem
1139 2234 1238 2307 coire
1255 2238 1455 2335 potuerit,
1484 2262 1527 2337 qu

156 2332 410 2425 occurrit-non
423 2334 540 2411 modo
553 2335 593 2417 in
600 2332 731 2423 ebore,
754 2332 908 2413 sedatio
917 2334 1057 2409 demea
1086 2330 1136 2423 ri,
1159 2332 1336 2407 imovero
1344 2336 1387 2413 in
1396 2336 1527 2419 dentel,

154 2431 368 2529 popotami5
383 2432 533 2505 interim
553 2432 680 2509 omnia
693 2431 773 2509 haee
794 2454 953 2533 corpora
967 2428 1041 2509 sola
1103 2426 1278 2505 cintensa
1293 2432 1467 2511 coctione
1482 2434 1527 2511 hu

155 2548 225 2601 nus
239 2524 335 2601 dista
353 2525 535 2601 methodo
552 2526 752 2609 solvuntur.

253 2632 283 2713 a.
313 2646 367 2713 15,
392 2623 608 2721 Mueagiaes
632 2620 838 2711 seminum,
870 2623 1060 2713 radicum,
1094 2622 1226 2700 blalvae
1241 2622 1441 2705 &Altheae
1456 2628 1518 2705 &c

155 2722 400 2801 maceratione
415 2717 488 2795 sola
504 2708 590 2807 inv
603 2722 728 2823 tepida
741 2720 883 2799 velleri
897 2718 1108 2797 ebullitione
1124 2720 1380 2799 extrahuntur.

202 2892 210 2907 ,
252 2822 449 2899 Gummata
470 2842 560 2893 vero
582 2816 729 2920 lignolis
749 2820 876 2894 &aliis
899 2818 1272 2899 heteroreneitatibus
1291 2822 1443 2923 impura
1461 2838 1527 2924 pan

156 2912 383 2991 dillolutione
403 2917 442 2991 in
454 2936 490 3001 v
510 2944 519 2989 ι
540 2932 583 2991 ut
603 2904 825 3007 drabicum,
850 2878 1085 3020 trag-arandae
1106 2918 1174 3020 βςο.
1203 2920 1340 3019 partim
1368 2920 1527 2997 merione

155 3014 245 3089 vino
253 3013 312 3091 vel
321 3031 435 3089 aceto:
458 3020 790 3106 utammoniacum,
815 3014 1027 3117 galbanum,
1048 3014 1195 3091 hederae
1213 3016 1300 3105 δια,
1332 3016 1527 3117 eliquantur

158 3132 227 3211 per
241 3110 396 3195 linteum
412 3114 688 3212 exprimuntur,
712 3114 815 3212 quod
830 3116 1059 3213 impuritates
1071 3112 1134 3189 has
1153 3115 1319 3191 retineat.
1511 3172 1514 3177 -

253 3222 281 3303 o.
313 3219 367 3287 16.
394 3216 465 3285 Pro
489 3212 668 3287 mediocri
690 3213 820 3287 notitia
843 3234 1100 3313 gemmarum,
1138 3229 1313 3311 tanquam
1330 3204 1527 3313 perfefliffir

157 3322 266 3384 terrae
279 3325 580 3422 aggregatorum,
596 3312 670 3385 duo
682 3312 841 3385 notanda
849 3312 946 3385 liant:
965 3310 1115 3383 durities
1126 3310 1267 3386 illarum
1279 3312 1382 3387 varia
1396 3310 1433 3385 u
1445 3306 1527 3384 color

253 3410 359 3484 Prior
373 3410 623 3486 communiter
632 3408 699 3485 illis
707 3407 881 3511 gradibus
890 3404 1217 3500 circumscribitur,
1241 3402 1527 3509 utconrpadillu

159 3499 202 3579 lit
221 3504 387 3599 adamas,
418 3504 587 3585 succedat
603 3508 777 3600 robinus,
807 3525 887 3582 tum
910 3504 1127 3609 sapphirus,
1160 3504 1443 3605 hyacinthus&
1472 3504 1527 3581 lina

157 3602 281 3701 gelus,
305 3604 546 3703 amethystus,
569 3623 764 3709 granatus,
790 3605 998 3696 carneolus,
1023 3604 1306 3695 chalcedonius„
1328 3628 1454 3701 onyx,
1476 3598 1527 3703 jas}

159 3699 321 3793 achates,
343 3703 587 3817 porphyrius,
606 3728 781 3782 marmor.
830 3706 983 3779 Interim
994 3730 1070 3779 non
1081 3727 1164 3779 raro
1173 3700 1471 3781 differentiahaec
1479 3722 1527 3775 vu

160 3798 370 3877 Succedunt
383 3818 495 3875 ctiam
510 3801 649 3899 onyelri
663 3800 844 3901 chrystalli
860 3803 992 3879 bonae:
1015 3804 1203 3879 molliores
1217 3825 1309 3877 vero
1321 3796 1527 3905 propemod

163 3892 436 3973 virescentium
452 3896 628 3975 Fluorum
647 3900 916 3975 metallicorum
929 3899 1068 4002 speeies
1084 3902 1268 3977 videntur.
1513 3934 1527 3975 c

259 3994 389 4095 Quoad
404 3995 569 4074 colorem
583 4001 747 4075 notiores
759 3996 841 4073 sunt
859 4000 1060 4075 adamantis
1076 3996 1353 4103 ‹liapbaneitas,
1378 3996 1527 4097 rubini1

161 4110 278 4192 pura,
300 4090 462 4197 sapphiri
470 4094 767 4187 coerulascentia,
789 4094 972 4201 smaragdi
985 4100 1167 4191 viriditas,
1186 4094 1380 4194 hyacinthi
1391 4094 1527 4189 colorql

151 4192 367 4289 aurantius,
394 4194 587 4294 amethysti
600 4192 807 4290 violaceus,
834 4196 1013 4277 turcoidis
1026 4198 1187 4301 glaucus,
1206 4192 1527 4281 earneoliincerml

1448 4308 1527 4385 onya
