3502 4822
514 288 772 425 dogmatica
791 286 850 394 δ’
867 286 1241 436 experimentalit.
1266 356 1269 361 -
1508 296 1576 421 ‘8'1

121 492 287 582 sesculo,
303 488 472 585 spiritum
485 486 672 563 volatilem
680 488 913 579 continentis,
928 488 963 563 a
976 489 1015 562 in
1031 490 1177 588 antiqua
1185 476 1577 595 viciniautrisquereli·

121 590 208 685 Εἰς,
224 586 547 669 effervescentia&
572 584 761 662 effnmatio
779 609 882 687 aquae
895 589 1008 693 regia:
1015 610 1105 669 mort
1113 591 1269 665 evanuit.
1665 594 1668 599 '

226 702 258 784 a.
288 703 343 777 18.
369 687 577 762 Solutiones
602 684 757 759 aliorum
779 683 1028 774 metallorum,
1054 711 1171 788 cupro
1198 704 1324 763 tamen
1350 709 1508 793 excepto
1535 697 1574 771 in

122 812 224 891 equa
239 784 329 864 forti
346 782 475 876 blato,
499 782 660 858 similiter
687 783 782 884 ignis
801 783 969 889 graduali
994 808 1015 859 a
1042 785 1238 887 plicatione
1255 785 1376 863 rursus
1400 792 1574 869 dnimtm-

122 906 201 977 tur,
227 901 270 961 ut
284 884 524 971 menstruum,
551 882 764 987 phlegmate
783 882 975 982 premisso,
1001 808 1159 960 sssalina
1184 890 1467 965 concentratiori
1492 915 1574 993 par·

122 982 400 1161 ffieedente
415 984 449 1059 ἃ
465 983 503 1067 in
515 981 590 1057 hoc
604 980 781 1085 phlegma
798 976 871 1063 sese
883 981 1096 1075 imbibente,
1121 988 1142 1057 a
1158 980 1271 1063 solida
1295 980 1367 1067 fixa
1391 1008 1497 1089 parte
1522 989 1571 1066 se

223 1186 278 1257 lta
292 1204 327 1254 v.
343 1200 380 1282 g.
405 1174 535 1252 solutio
557 1174 652 1251 lunae
668 1199 754 1249 eum
772 1172 899 1279 spiritu
912 1177 1075 1253 nitri-vel
1094 1201 1186 1277 aqua
1207 1176 1294 1255 forti
1311 1178 1402 1258 fasta
1426 1187 1572 1287 reponi·
1602 1182 1608 1191 ’

123 1296 190 1363 tur
205 1281 246 1355 in
271 1294 408 1363 retorta
431 1278 569 1365 vitrea„
593 1274 733 1389 &igne
749 1272 821 1350 leni
831 1278 971 1377 primo,
1022 1278 1120 1357 uoad
1136 1276 1309 1383 phlegma
1335 1280 1574 1375 exstillaverit,

123 1373 258 1457 sensim
274 1402 363 1451 vero
380 1376 424 1461 ad
449 1370 738 1458 candescenttam
751 1370 840 1455 vaste
857 1372 973 1466 austu,
993 1302 1198 1469 satiantur,
1215 1380 1445 1462 commissura
1455 1400 1574 1459 retor-

123 1494 179 1557 ω
192 1475 453 1577 &recipientis
472 1473 641 1555 oblutata.
1436 1508 1442 1523 ·

123 1566 156 1639 ts
227 1574 368 1649 Solutio
385 1574 461 1649 atui
475 1596 560 1646 cum
573 1593 666 1669 aqua
683 1565 783 1673 regis
800 1564 890 1651 fasta
901 1565 1011 1647 simili
1020 1570 1153 1659 modo,
1169 1595 1248 1647 non
1261 1586 1387 1651 tamen
1394 1597 1511 1677 usque
1526 1580 1572 1655 ad

124 1670 460 1753 ln'candescennam
476 1668 720 1771 completam,
745 1666 892 1743 traslata
907 1690 1039 1767 aquam
1052 1672 1152 1773 regis
1168 1667 1245 1745 fere
1259 1689 1377 1747 totam
1391 1678 1574 1752 transmit·

124 1790 193 1861 tet,
212 1787 426 1849 remanente
447 1772 484 1844 in
504 1765 621 1843 fundo
649 1782 797 1845 retortae
822 1766 1025 1867 placentula
1051 1766 1141 1845 licca
1159 1770 1466 1873 purpurascente,
1491 1799 1575 1875 quae

124 1867 473 1959 tameneandefasta
488 1869 527 1941 in
541 1864 679 1940 flavum
695 1864 862 1939 colorem
880 1866 986 1941 retlit.

124 2008 129 2019 ·
226 1970 366 2046 Eadem
382 1969 535 2045 omnino
553 1965 645 2040 ratio
662 1960 1022 2037 estdellillandilunae
1038 1961 1072 2035 δι
1090 1960 1172 2038 solis
1188 1962 1380 2061 crystallus,
1396 1964 1458 2042 nili
1469 1970 1573 2068 quod

124 2065 347 2149 lnhisnihil
365 2063 424 2140 vel
444 2064 642 2140 minimum
692 2059 752 2136 lile
781 2061 887 2136 matis
908 2060 1166 2151 continentum
1189 2063 1287 2138 unde
1304 2064 1486 2141 necessum
1510 2068 1574 2161 est,
1681 2119 1686 2135 ,

125 2164 332 2279 pattxillum
359 2187 379 2239 a
407 2188 463 2239 uae
491 2161 624 2263 pluviae
677 2084 834 2233 estillatae
856 2159 894 2231 in
918 2160 1160 2263 recipientem
1170 2184 1369 2267 reponere,
1395 2166 1576 2243 nimirum

125 2266 275 2343 circiter
289 2189 487 2339 dimisium
506 2259 653 2362 pondus
666 2256 929 2355 crystallorum.
1323 2332 1326 2341 ,

224 2374 253 2455 §.
283 2386 337 2461 19.
366 2365 521 2437 Acetum
539 2384 585 2433 ex
609 2357 720 2433 viridi
743 2356 825 2431 aeris
850 2352 1079 2453 crystallisato
1105 2356 1233 2435 eadem
1254 2358 1396 2435 ratione
1420 2357 1573 2457 elicitur,

179 2463 305 2537 nendo
323 2460 443 2534 hocin
464 2475 602 2533 retorta
621 2457 734 2529 vitrea
749 2454 788 2529 in
807 2477 926 2542 arena,
943 2454 978 2529 8(
993 2457 1121 2555 ignem
1130 2462 1198 2557 per
1215 2482 1247 2545 3.
1262 2456 1320 2529 vel
1332 2455 1484 2555 4horas
1497 2457 1574 2534 sen·

125 2485 407 2663 lbraugendo,
433 2559 554 2635 donec
580 2558 617 2630 in
642 2555 764 2628 levem
791 2551 1081 2629 candescentiam
1104 2554 1254 2628 materia
1279 2550 1489 2654 pervenerit
1514 2558 1575 2633 vel

126 2586 337 2775 proximu
365 2657 468 2753 quod
497 2653 749 2741 transtillavit,
777 2650 924 2767 spiritus
962 2654 1115 2728 Veneris
1138 2649 1312 2731 Zwelferi'
1334 2653 1400 2767 ,vel
1419 2652 1574 2769 nspiritus

126 2754 527 2933 ffigipirpipppsellatur,
543 2755 683 2853 dequo
700 2749 865 2854 superius
890 2758 1009 2867 (pst.
1025 2762 1053 2849 §.
1066 2756 1139 2853 14)
1162 2747 1227 2828 sub
1243 2752 1459 2857 magisteriis
1479 2779 1576 2855 quae·

224 2952 366 3029 Ibidem
380 2958 488 3123 apae.
501 2952 681 3041 κῶας.)
704 2950 753 3023 de
775 2945 1025 3038 solutionibus,
1047 2944 1453 3053 depblegmationibus,
1477 2951 1576 3029 &de
1633 3016 1636 3021 .
1695 3030 1698 3040 ,

129 3048 357 3155 separatione
410 3010 583 3119 uitlorum
606 3045 808 3118 volatilium
837 3047 1028 3147 tetigimus
1054 3044 1332 3123 destillationem
1353 3047 1527 3127 menstrui
1552 3057 1575 3127 e

128 3148 299 3227 sacchuro
309 3144 464 3234 Saturni,
485 3144 506 3217 e
521 3166 597 3240 quo
612 3140 798 3215 tranllillat
812 3140 958 3241 spiritus
972 3144 1120 3231 ardens,
1144 3170 1260 3242 quem
1273 3145 1499 3247 subsequitur
1514 3144 1598 3226 ila.

127 3248 296 3341 vescens,
313 3245 493 3322 &ultimo
512 3238 760 3317 rubicundum
777 3238 984 3337 liquamen,
1010 3242 1114 3339 quod
1132 3245 1275 3318 acidum
1294 3248 1386 3319 aceti
1408 3270 1493 3320 cum
1509 3242 1576 3323 srbi

128 3347 282 3425 annexis
332 3344 468 3421 artibus
493 3336 675 3441 plumbeis
696 3334 816 3412 existit
840 3363 849 3408 ε
873 3336 1023 3411 interim
1074 3362 1118 3410 ro
1140 3340 1209 3414 hac
1238 3345 1452 3440 operatione
1477 3343 1576 3420 reste

127 3446 285 3525 ubtinen
313 3469 332 3519 a
358 3441 568 3517 saccharum
599 3437 742 3511 Saturni
772 3434 932 3549 repetito
950 3434 986 3508 ἃ
1011 3362 1148 3539 pstlries
1171 3434 1318 3550 semper
1337 3440 1461 3514 denuo
1487 3465 1576 3521 cunt

127 3540 232 3631 tectu
250 3542 391 3619 recenti
405 3538 494 3617 solvi
514 3536 635 3627 debet,
659 3536 705 3609 de
721 3557 797 3639 quo
811 3530 904 3608 nfra
922 3531 984 3608 sub
1002 3534 1346 3610 combinationrbus.

229 3640 397 3721 Notabile
414 3636 515 3714 estin
537 3636 593 3711 his
609 3634 799 3732 utriusque
822 3631 1022 3735 proelustis,
1048 3656 1184 3733 nempe
1210 3641 1350 3711 acetoa
1372 3641 1515 3713 Venere
1540 3640 1578 3718 a

128 3744 299 3829 Saturno,
323 3738 457 3838 quibus
473 3737 575 3838 prius
592 3731 767 3810 sociatum
784 3748 870 3819 erat,
895 3728 1088 3821 abstrusio,
1113 3734 1218 3832 quod
1234 3757 1309 3808 non
1326 3729 1400 3809 line
1424 3738 1579 3817 notabili

128 3842 347 3923 alteratione
367 3834 487 3911 rursus
503 3831 537 3906 se
566 3854 696 3909 aretur.
747 3836 801 3905 lta
818 3832 916 3907 enirn
933 3835 953 3903 a
975 3836 1129 3919 Venere,
1144 3832 1203 3905 vel
1217 3848 1316 3906 certe
1328 3836 1502 3939 aerugine,
1519 3838 1578 3913 ab·

128 3938 323 4025 strastum,
347 3935 435 4010 illud
453 3956 526 4007 no·
566 3929 748 4006 ililstmnm
765 3930 893 4020 habet,
917 3929 1020 4027 quod
1047 3927 1276 4030 inposterum
1303 3930 1378 4009 aliis
1394 3936 1579 4012 concretis

128 4034 363 4124 solubilibus,
387 4038 562 4117 Saturno,
588 4028 764 4113 cortiliis,
796 4026 932 4143 perlis,
958 4026 1071 4102 oculis
1102 4050 1319 4105 cancrorum
1345 4030 1412 4109 &n
1440 4034 1579 4112 admix-

129 4162 224 4227 mm,
250 4154 407 4233 corpora
432 4130 512 4204 haec
540 4129 692 4226 quidem
720 4126 872 4202 imbibat
898 4126 1086 4217 &solvat,
1113 4128 1165 4200 uti
1193 4130 1336 4203 acetum
1361 4129 1584 4209 destillatunr

129 4256 357 4321 :ommune,
381 4226 444 4307 sed
466 4227 509 4309 ab
525 4226 657 4304 iisdem
677 4221 782 4303 facile
794 4221 916 4305 rursus
931 4224 1134 4401 separetur,
1160 4224 1248 4309 &in
1260 4224 1325 4307 suo
1337 4230 1467 4334 vigore
1478 4244 1576 4341 tran.

176 4341 341 4418 Parsis.
1457 4324 1579 4434 stillet,
