3502 4822
150 324 218 449 32
623 290 1127 429 -Funuameneacumu

253 488 757 585 Mineraeo'mnesmetaliicae‚
770 520 857 597 quae
871 493 1023 597 srdphur
1044 492 1183 573 habent
1201 490 1411 597 copiosum,
1466 496 1473 513 '
1509 495 1553 577 bi

155 596 246 701 igne
268 596 433 673 calcinari
450 598 598 689 debent,
612 612 654 675 ut
674 592 826 697 sulphur
840 618 954 669 omne
966 592 1109 687 avolet,
1131 610 1221 669 tunc
1238 592 1389 671 enimfa
1413 594 1546 675 'iutiud
1589 627 1593 635 ·

76 750 82 761 .
153 692 309 799 poliunt,
323 700 449 779 Gertn.
464 681 626 791 Restm.
1338 780 1343 787 ,

250 792 636 897 Pinguedinessaiibus
648 788 804 875 dedicio
814 784 965 890 adjeitae
977 789 1100 865 omnis
1116 790 1262 899 generis
1280 786 1447 965 sagonen
1459 790 1564 899 me*

150 915 237 967 cum
248 893 400 967 mineris
409 892 608 983 metallicis,
627 890 753 980 calces,
768 890 919 977 cineres,
934 888 1129 965 metallicas
1139 888 1303 965 tacilead
1340 914 1467 967 uorem
1479 888 1560 993 disp.

151 1006 256 1081 nunt,
300 993 408 1083 artim
423 993 601 1105 quoniam
619 988 771 1090 sulphur
785 990 824 1061 in
841 1012 902 1061 am
929 985 1032 1061 lexus
1045 984 1129 1069 suos
1144 986 1346 1101 recipiunt,
1360 988 1397 1065 8<
1433 992 1560 1070 uultu·

150 1016 320 1164 senicaiis
335 1092 366 1164 ri
388 1090 530 1165 idiotes
547 1092 684 1179 acidas,
711 1110 795 1185 quae
810 1082 903 1187 frag'
921 1086 1045 1167 'tatem
1060 1082 1233 1183 foenerarr
1247 1082 1390 1199 soient,
1405 1016 1564 1171 idum

151 1204 231 1265 tem
246 1188 301 1261 im
330 1114 473 1279 etium,
498 1188 717 1277 absumunt,
737 1202 957 1287 temperant.
1006 1180 1137 1259 Differt
1150 1184 1251 1287 ignis
1276 1182 1562 1285 liquefiamus]

149 1310 208 1378 eo,
221 1212 327 1385 quoi
339 1284 461 1361 solaris
474 1285 682 1363 brevitlimo
696 1299 869 1385 tempore
889 1278 1113 1381 liquefaciat,
1129 1284 1378 1359 carbonarius
1396 1288 1562 1367 ademto

149 1384 234 1487 gius
248 1388 413 1479 requirat
425 1404 585 1487 tempus,
602 1414 643 1463 2..
671 1382 748 1458 uod
758 1379 956 1484 ignesolari
966 1380 1244 1459 omniametaiia
1259 1382 1302 1457 in
1316 1382 1436 1475 caloes
1451 1384 1561 1481 rtdtdz,

153 1482 352 1572 mineralia‚
369 1506 496 1571 terrea,
512 1510 595 1583 quae
616 1410 768 1584 stiiphur
783 1478 843 1555 vel
866 1476 914 1554 sai
929 1481 1057 1554 intime
1072 1481 1282 1557 admixtum
1298 1480 1449 1577 habent,
1536 1486 1563 1563 i·

152 1576 427 1761 quebfaitionem
444 1582 702 1671 volatitisentur
716 1580 752 1661 ἃ
767 1578 807 1655 in
827 1600 953 1663 aurem
978 1578 1124 1673 abeant,
1149 1580 1256 1691 quod
1280 1580 1443 1669 minime
1504 1586 1561 1703 igit

153 1700 368 1769 catonum.

572 1876 765 2001 SECT·
783 1882 816 1989 Ι.
850 1876 1000 2007 ΟΑΡ,
1023 1876 1145 1999 Vnt,
1224 1930 1232 1938 ·

749 2104 753 2109 .
824 2114 882 2197 ue

459 2220 1265 2435 nasrrttArtoun.

304 2690 449 2838 cunone
465 2666 517 2743 est
538 2672 751 2773 evaporatio
768 2672 808 2744 in
821 2669 903 2743 vase
929 2684 1075 2771 aperto,
1103 2662 1142 2739 id
1162 2659 1356 2741 destillatio
1382 2662 1434 2741 est
1453 2663 1490 2741 in
1507 2656 1562 2739 uit

305 2788 382 2839 cau
399 2789 433 2839 o.

149 2563 453 2835 DEstidatio
477 2566 532 2649 est
556 2569 771 2674 evaporatio
801 2566 931 2661 clausa,
952 2569 1049 2670 ignis
1065 2562 1184 2637 calore
1200 2555 1310 2641 faita.
1359 2566 1448 2643 Nam
1473 2560 1559 2665 quoi

248 2860 378 2935 Omnis
395 2861 582 2943 destillatio
610 2861 648 2937 su
706 2865 787 2938 onit
806 2872 929 2939 aerem
947 2860 981 2937 u
997 2859 1174 2947 calorem,
1196 2858 1299 2933 unde
1314 2858 1452 2937 nectite
1466 2858 1566 2948 eunt

151 2950 451 3036 destillationibus
465 2984 624 3037 vacuum
640 2889 776 3036 ticine
791 2962 948 3059 relinqui
969 2981 1049 3045 vas,
1066 2956 1104 3029 in
1120 2978 1197 3054 quo
1224 2960 1381 3035 materia
1394 2956 1567 3037 destituta

40 3097 46 3107 ·
152 3050 254 3141 inest,
274 3052 333 3130 seu
348 3058 394 3133 ad
408 3073 553 3157 partem
571 3060 780 3149 dimidiam,
806 3060 868 3133 seu
884 3061 931 3133 ad
947 3063 1104 3131 tertiam.

247 3152 508 3233 Caloreautem
524 3156 600 3257 ipse
616 3164 676 3231 aer
691 3154 887 3234 raret'aitus
902 3154 1059 3231 fluidum
1079 3150 1139 3227 seu
1153 3150 1356 3250 liquidum,
1375 3157 1387 3231 i
1417 3152 1455 3232 so
1477 3153 1567 3231 edm

149 3246 259 3324 etiam
274 3252 379 3330 valde
392 3276 498 3331 motu
516 3256 686 3331 intestino
700 3256 890 3358 agitatum,
907 3256 1039 3367 recipit
1055 3256 1091 3329 in
1107 3275 1223 3351 poros
1232 3250 1325 3341 suos,
1341 3182 1570 3359 tricorporis

150 3340 271 3425 forma
287 3355 457 3430 minimas
471 3351 575 3429 fluidi
594 3371 717 3455 partes
732 3355 855 3433 secum
870 3352 973 3429 vehit
986 3377 1027 3427 tn
1041 3352 1165 3439 altum,
1184 3348 1247 3425 ubi
1263 3352 1570 3430 condensaturcon

149 3442 266 3527 stituit
281 3448 488 3529 humidum.

226 3550 382 3657 ‚Dantur
396 3551 578 3665 exempla,
592 3552 654 3627 ubi
673 3549 746 3625 fine
755 3550 875 3627 calore
884 3546 1072 3625 destillatio
1088 3542 1200 3657 fuerit
1221 3540 1326 3637 faeta,
1343 3574 1381 3625 v.
1396 3572 1433 3725 f.
1449 3548 1573 3651 quanda

148 3636 295 3737 spiritus
309 3651 394 3727 nitri
411 3646 720 3727 rectificatitlimus
732 3648 930 3725 niiuuditur
946 3647 1085 3747 spiritui
1102 3646 1178 3717 vim
1195 3640 1397 3727 redificatit
1413 3668 1574 3743 tmo‚tunc

150 3734 305 3844 insurgit
322 3748 483 3823 intensus
498 3748 615 3835 calor,
641 3746 835 3849 &spiritus
854 3749 939 3823 uitri
957 3750 993 3821 in
1011 3745 1123 3819 altum
1141 3742 1318 3817 elevatur.

247 3846 502 3945 Qodcunque
530 3872 595 3921 cor
608 3871 665 3920 ›us
687 3870 763 3919 non
780 3844 831 3919 est
848 3842 1102 3947 etaporubiie,
1119 3840 1180 3913 seu
1195 3840 1448 3921 exhalationes
1466 3835 1576 3921 desere

150 3934 288 4023 emittit
300 3936 414 4017 fluido
430 3952 537 4021 aereo
554 3970 595 4021 ca
610 3946 672 4019 ido
693 3942 796 4025 facile
813 3944 1112 4031 obsecundantes,
1140 3938 1228 4013 iilud
1247 3940 1378 4041 inepte
1395 3944 1578 4029 uestitum

152 4056 187 4105 v.
197 4058 234 4135 g.
249 4038 479 4133 Saceharum,
492 4046 614 4119 omnis
628 4044 774 4143 generis
788 4061 907 4129 terrae,
926 4038 1150 4125 (diomedia,
1167 4036 1199 4111 la
1211 4036 1412 4129 >ides,offa.
1463 4039 1586 4123 Omuit.

150 4128 454 4233 illoquentem
471 4144 603 4243 agitata
628 4126 768 4215 nullum
790 4143 947 4216 odorem
969 4138 1154 4254 prebent,
1175 4135 1198 4208 ii
1215 4160 1234 4209 a
1249 4162 1406 4239 quoque
1421 4166 1498 4217 non
1519 4132 1578 4243 poi·

151 4226 420 4323 suttdettiltart
453 4242 484 4319 E
502 4235 1228 4346 contrarioqttaecunquetrttavelagitata
1245 4238 1580 4417 odoretnspargint

1532 4358 1581 4417 tec
