3472 4822
431 278 688 413 dogmatica
705 279 763 385 &¹
786 281 1156 413 experimentalis.
1436 316 1506 437 33

129 482 193 557 ori
226 480 327 557 claro
362 474 580 581 superstanti
613 481 736 558 denuo
760 480 960 583 pauxillum
984 481 1077 557 aceti
1100 476 1350 587 inspergamr,
1374 490 1395 561 a
1421 510 1502 586 quo

129 580 272 657 >mlum
293 570 475 653 sufficiens
499 579 681 677 quantitas
701 582 794 657 aceti
827 581 947 657 addita
966 575 1107 671 fuerit,
1134 600 1265 685 utpote
1280 608 1363 683 quae
1380 586 1502 661 obva-

129 693 219 755 tem
241 676 421 753 acredinis
436 678 674 753 determinari
693 702 772 755 non
850 676 958 767 otest,
978 676 1164 771 ladescet,
1186 680 1303 759 sinon
1317 681 1501 777 lasiescet,

129 772 167 853 b
192 776 338 877 liquore
372 772 620 851 sedimentum
651 780 771 880 probe
791 705 1047 867 edulcoretur,
1074 777 1195 854 donec
1224 780 1444 896 &saporem
1461 783 1499 859 δι

129 898 214 1049 Rem
245 872 461 951 nauseosum
499 874 683 967 amiserit,
707 894 797 953 tunc
814 874 986 954 licentum
1003 874 1197 953 asservetur
1222 904 1374 955 nomme
1397 880 1500 959 lastis

158 998 246 1051 uris,
1226 990 1233 1001 '

147 1084 246 1165 tut.
270 1070 416 1147 Eodem
442 1070 559 1146 modo
583 1066 625 1144 lit
646 1069 800 1171 sulphur
821 1088 988 1149 auratum
1015 1072 1228 1166 antimonii,
1251 1074 1501 1174 decoquendo

143 1166 302 1247 insimili
323 1168 479 1261 lixivio,
498 1168 533 1243 u
550 1168 747 1245 decostum
771 1168 962 1257 filtrand03
985 1174 1007 1244 a
1030 1172 1149 1271 priori
1168 1174 1209 1247 in
1228 1196 1275 1247 eo
1291 1174 1501 1291 discrepans

129 1268 160 1345 d
185 1268 346 1346 multum
359 1265 554 1343 sedimenti
576 1266 774 1366 relinquat,
798 1292 935 1371 nempe
959 1270 1143 1371 regulinas
1163 1287 1288 1387 partes
1315 1274 1498 1351 admixtas

129 1368 256 1481 ¹rnoniu
271 1393 292 1459 ,·
304 1390 425 1466 neque
446 1365 621 1447 foetorem
636 1364 746 1443 istum
761 1366 910 1461 habeat,
930 1390 1045 1469 quem
1066 1366 1198 1445 solutio
1212 1368 1395 1475 sulphuris
1412 1369 1498 1464 sua}

129 1490 165 1543 u.

147 1562 292 1641 Eodem
299 1564 414 1640 modo
434 1586 585 1662 quoque
606 1586 693 1637 cum
709 1558 824 1667 duplo
839 1556 940 1640 alcali
954 1556 1191 1667 fundi'potell
1208 1594 1219 1655 ;
1245 1568 1344 1643 unde
1359 1568 1494 1645 mixtu·

129 1662 336 1739 refutatae
366 1685 407 1737 ar
438 1663 629 1737 antimonii
653 1660 771 1753 dieta,
796 1687 899 1763 quae,
933 1659 958 1737 st
983 1663 1022 1738 in
1047 1686 1141 1763 aqua
1173 1658 1351 1759 solvatur,
1377 1664 1498 1742 limili-

129 1759 318 1863 copiosum
338 1690 582 1835 sedimentum
611 1762 658 1837 de
688 1763 789 1851 onit,
807 1784 950 1863 ‚nempe
977 1763 1125 1837 easdem
1149 1764 1333 1865 regulinas
1353 1782 1496 1865 partes,

129 1868 178 1935 aa
201 1858 455 1961 supernatante
467 1860 611 1958 liquore
629 1788 889 1935 suistralt'untur
930 1861 1215 1951 decantatione,
1240 1864 1293 1954 dc,
1321 1864 1347 1938 li
1361 1865 1495 1941 ultimo

129 1955 228 2131 ᾖξε,
250 1955 446 2033 filtratione
472 1986 485 2031 ε
506 1959 625 2059 pulvis
642 1956 704 2032 hic
729 1957 961 2033 edulcoratus
979 1958 1013 2031 dc
1033 1954 1183 2033 srecatus
1207 1958 1342 2037 dicitur
1361 1985 1495 2039 crocus

197 2082 292 2133 rum.

150 2155 288 2231 Salutio
315 2179 406 2229 vcro
416 2154 510 2229 clara
526 2148 748 2253 inspersaone
764 2150 858 2227 aceti
882 2148 1077 2243 densatur,
1098 2152 1134 2228 ἃ
1155 2152 1306 2229 rubram
1321 2154 1492 2258 pulveru-

129 2272 187 2329 am
201 2253 434 2332 substantiam
462 2254 507 2327 ad
523 2248 681 2325 fundum
704 2252 876 2341 dimittit,
901 2274 987 2325 cum
1018 2249 1152 2327 soetore
1184 2252 1314 2351 aequali
1337 2309 1348 2343 ,
1372 2250 1398 2327 li
1414 2279 1493 2331 non

129 2348 205 2444 lori,
236 2378 278 2428 ac
310 2350 492 2454 sulphuris
514 2353 683 2424 comunis
709 2346 853 2425 solutio.
902 2350 1158 2427 Sedimentum
1174 2346 1337 2426 similiter
1360 2352 1492 2429 decan·

129 2468 210 2553 ane,
232 2448 450 2539 filtratione,
473 2448 767 2538 eduleoratione,
791 2465 990 2551 purgatum
1000 2449 1133 2525 dicitur
1144 2448 1297 2551 sulphur
1311 2464 1494 2547 auratum,
1571 2512 1574 2517 .

129 2565 278 2625 tceatum
289 2549 572 2639 reservandum,
593 2548 657 2625 ubi
665 2551 758 2623 mire
773 2544 1005 2623 contabescit

144 2662 174 2743 §.
207 2673 261 2740 19.
285 2648 487 2725 Aliaadhuc
496 2648 554 2723 his
571 2642 695 2723 similis
704 2648 816 2750 praeci
846 2645 1020 2722 itatacalx
1036 2640 1104 2735 fit,
1127 2640 1493 2752 stantimoniiparsj·

129 2748 235 2823 mitri
252 2749 415 2849 partibus
440 2748 489 2849 iij.
515 2742 715 2822 fitccessiais
733 2672 991 2847 injedionibus
1007 2746 1045 2819 in
1061 2742 1289 2819 crucibulum
1301 2744 1396 2822 bene
1411 2774 1496 2825 can·

129 2860 158 2937 l,
185 2845 349 2921 &adhuc
364 2848 421 2922 ini
477 2846 689 2947 epedlans,
702 2848 935 2949 ingerantur,
954 2840 1060 2919 audo
1074 2844 1223 2917 interim
1240 2843 1347 2945 igne,
1362 2865 1404 2922 ut
1417 2872 1493 2925 ma·

129 2940 343 3031 tfundatur,
369 2870 526 3044 soldier
535 2942 769 3022 semihoram
787 2944 825 3018 in
833 2946 920 3047 igne
938 2944 1153 3031 detineatur,
1167 2956 1256 3014 tunc
1270 2939 1492 3039 effundatur,

129 3062 191 3139 {aaa
207 3038 379 3141 limplici,
412 3040 562 3115 contusa
575 3040 943 3153 priusdcfrigesasla,
966 3039 1191 3127 dissolvatur,
1208 3040 1275 3114 ubi
1282 3042 1490 3214 ‘pulverem

129 3142 228 3217 mad
243 3136 404 3213 fundum
424 3138 595 3230 dimittit,
627 3142 692 3236 qui
713 3143 956 3213 antimonium
973 3138 1268 3239 diaphoretieum
1310 3142 1415 3217 ‘citur
1429 3201 1439 3235 ,
1451 3146 1494 3220 ti-

129 3258 169 3315 re
184 3239 283 3315 claro
309 3234 582 3337 supernatante,
608 3260 686 3333 quo
705 3236 897 3310 decantato
912 3234 1033 3335 pulvis
1049 3240 1183 3311 iterato
1201 3236 1488 3333 edulcorandus,

129 3339 254 3414 tnioue
272 3334 384 3412 siccus
400 3336 638 3413 asservandus.
1423 3359 1430 3368 ·

146 3424 306 3535 Liiluori
324 3462 439 3527 vcro,
464 3437 564 3535 ignei
579 3430 719 3509 alcalini
734 3426 885 3529 saporis,
907 3416 1094 3505 liacidum
1111 3428 1258 3528 aliquod
1277 3434 1487 3532 potentius,

129 3534 292 3635 ¹spiritus
310 3537 416 3625 nitri,
432 3536 639 3612 all'undatur
652 3522 1006 3647 guttatimdasleseit
1019 3582 1032 3615 ,
1046 3528 1082 3602 Bt
1097 3552 1165 3629 per
1179 3528 1345 3626 quictem
1358 3532 1488 3632 pulvil.

134 3630 696 3735 tenuitlimumalbumdepomt,
721 3628 786 3728 qui
795 3622 956 3703 similiter
971 3622 1094 3703 siccari
1111 3626 1223 3705 debet
1230 3628 1488 3729 edulcoratus,

133 3734 431 3833 materiaperlata
453 3732 645 3809 antimonii
658 3731 694 3805 dr
709 3726 959 3829 magisterium
975 3723 1170 3803 antimonii
1192 3726 1410 3825 quibasdam
1427 3756 1488 3809 au·
1563 3759 1576 3773 ⁸

129 3832 495 3907 uiribusbeznardico
508 3830 673 3908 minet-ali
694 3826 973 3929 comparandus.

158 3946 189 4013 §-
218 3955 276 4005 ιο.
299 3930 359 4002 Fit
381 3954 532 4028 quoquc
553 3929 651 4005 alcali
675 3926 821 4002 &acidi
844 3920 1024 4001 concursu
1051 3922 1299 4025 praecipitatio
1320 3930 1487 4009 materiae

129 4048 220 4101 ratae
248 4052 444 4129 purpurea
480 4050 592 4125 qttam
633 4027 769 4101 laccam
794 4022 981 4124 pielomm
1006 4020 1249 4195 appellamus,
1274 4050 1377 4126 quae,
1398 4026 1487 4105 licet
1561 4042 1566 4055 '

129 4128 264 4203 micum
292 4128 396 4203 usum
422 4124 478 4199 vel
495 4128 682 4200 medicum
698 4146 775 4197 non
807 4119 956 4211 habeat,
979 4120 1018 4197 ni
1033 4136 1062 4211 t,
1087 4120 1191 4221 quod
1214 4122 1402 4202 interdum
1422 4150 1485 4203 eo·

129 4229 267 4335 tgratia
282 4224 450 4305 tinsuuis
482 4222 668 4318 inserviat,
690 4218 825 4425 pot'est3
836 4240 964 4301 tanna
979 4218 1411 4306 humanando
1357 4244 1487 4429 ὦ
