3472 4822
144 324 259 429 222'
544 298 551 315 '
615 236 919 412 fundamenta
935 284 1132 443 cayna·
1178 364 1187 375 ·

147 510 356 616 piantar'um
370 496 604 614 vegetatione
620 509 811 588 mediante
829 502 964 582 nitroso
982 499 1175 584 substantia
1193 497 1385 583 aeoessraet
1401 504 1481 581 hui<

146 606 340 685 universali
363 613 561 683 encomio:
586 607 846 684 consenserunt
868 604 1034 681 laborum
1051 598 1211 705 pertaesi,
1224 625 1322 703 quos
1343 605 1384 679 in
1401 605 1481 679 edtu

146 707 208 785 isso
225 707 294 783 sale
311 712 332 780 ὲ
347 731 433 781 rore
442 724 507 781 aut
520 729 613 806 aqua
626 709 833 811 pluviarum
846 701 1061 778 consumere
1078 717 1238 803 oportet,
1252 722 1331 775 uno
1351 724 1430 791 ore,
1444 704 1481 777 in

147 801 405 885 consenserunt
418 806 460 878 in
468 808 578 894 nitro,
595 807 688 885 &ex
704 829 749 879 eo
763 801 999 906 separandam
1017 799 1114 876 issam
1123 799 1394 902 pinguedinem
1409 818 1481 876 terr

57 961 59 965 .
145 920 312 993 tuerunt,
333 922 378 977 ut
402 906 452 979 ita
477 905 602 983 denuo
620 927 740 1008 purus
764 925 824 979 aer
851 899 935 993 siat,
960 912 1163 980 cunctum
1189 920 1277 975 auro
1307 898 1481 1007 jungenda

142 1002 451 1079 concentrandus.
511 1048 519 1065 .
591 1046 595 1055 ·
1371 1074 1381 1085 ,

145 1140 152 1149 ·
242 1105 386 1177 Novam
406 1123 558 1200 quoque
582 1100 670 1177 huic
685 1099 801 1176 scenae
816 1097 1049 1175 autoritatem
1067 1095 1261 1172 conciliare
1280 1093 1422 1172 studuit
1435 1119 1481 1212 qu

144 1198 292 1275 Christo
320 1199 572 1293 hGrummet‚
587 1198 777 1276 tractatulo
799 1196 991 1272 vernacula
1008 1195 1058 1270 iin
1111 1219 1132 1270 a
1151 1192 1300 1298 scripto,
1315 1219 1428 1295 quem
1444 1195 1481 1271 rns

110 1368 121 1389 ,Χ
145 1316 244 1378 vom
255 1225 358 1379 Birt
373 1303 441 1379 bat
456 1301 700 1397 ssoeutobtt
714 1299 830 1389 Nicro,
838 1299 901 1373 ubi
910 1292 1049 1370 fusione
1075 1295 1216 1397 rmpsici
1226 1294 1316 1368 nitri
1325 1296 1481 1370 cumtitn

144 1415 235 1468 neto
246 1394 411 1470 colorem
419 1402 650 1498 purpureum
667 1393 999 1493 &amethystinum
1011 1392 1073 1469 seu
1088 1393 1294 1469 violaceum
1305 1393 1481 1494 prodivtrs

147 1496 373 1593 operationis
387 1518 489 1568 emer
518 1513 642 1588 entem
656 1494 894 1571 monstravit:
918 1495 956 1567 in
964 1515 1041 1592 quo
1061 1492 1146 1567 sicet
1160 1492 1254 1567 male
1268 1491 1442 1567 habeatur
1455 1496 1481 1565 i}

145 1591 245 1666 kesio
270 1517 683 1767 appendicei'rastatus
706 1597 753 1670 de
773 1591 992 1694 Phosphoro
1021 1591 1195 1683 mirabili,
1219 1591 1286 1690 qui
1307 1608 1424 1667 totam
1443 1612 1481 1663 rer

146 1712 284 1795 magne
300 1716 383 1782 ram,
398 1712 470 1790 qua
485 1693 524 1766 in
540 1689 795 1769 clarificatione
811 1693 897 1770 vitri
904 1693 1036 1767 Veneti
1050 1706 1212 1782 utuntur,
1231 1691 1393 1792 conjicit,
1408 1685 1480 1763 nihi

146 1814 217 1865 nus
235 1789 498 1865 demonstratio
513 1789 600 1891 ipsa,
616 1788 688 1867 five
706 1817 753 1870 ex
769 1795 866 1869 nitro
881 1789 953 1866 sive
968 1814 1015 1868 ex
1032 1783 1214 1895 magnesia
1232 1789 1420 1891 procedat,
1438 1784 1481 1860 ust

146 1911 228 1962 rem
245 1892 496 1979 attentionem,
513 1891 681 1990 probam,
697 1892 731 1967 8(
747 1917 818 1994 pro
834 1891 941 1991 hujus
962 1906 1097 1964 eventu
1114 1904 1251 1979 notam,
1274 1903 1447 1974 meretur,
1464 1884 1481 1959 i

145 1996 365 2089 propterca,
388 1991 494 2087 quia,
517 1986 542 2062 si
561 1989 665 2063 cosor
681 1991 742 2066 hic
761 1995 858 2066 vitro
885 1987 1070 2063 conciliari
1086 1988 1241 2078 debeat,
1266 1983 1467 2063 immediate

147 2107 243 2185 opus
259 2086 326 2177 est,
351 2110 434 2184 quae
456 2111 512 2162 ars
528 2089 672 2165 tamdiu
692 2092 862 2204 ignorata
882 2089 917 2163 dc
937 2086 1114 2163 occultata
1139 2084 1331 2161 trasiatuso
1344 2083 1403 2160 Sos
1426 2078 1481 2156 siae

146 2181 200 2260 ste
218 2183 319 2260 bono
331 2187 423 2287 reip.
440 2184 588 2302 curiosae
605 2187 785 2285 chym1cae
801 2189 961 2300 denique
984 2186 1126 2262 reddita
1146 2182 1217 2276 est,
1240 2184 1278 2258 dt
1291 2206 1339 2261 ex
1359 2180 1473 2273 eadem

145 2284 308 2382 quoque,
325 2281 351 2358 si
370 2285 529 2359 nimium
551 2283 743 2362 assumatur
759 2290 860 2361 croci
879 2298 975 2375 (cer,
997 2285 1181 2359 violaceus
1198 2283 1341 2359 oriatur
1359 2277 1468 2368 cosor,

144 2378 219 2455 hoe
235 2383 272 2456 in
288 2383 455 2485 praesenti
469 2386 729 2485 experimento
746 2387 794 2461 de
810 2388 908 2461 nitro
928 2407 1079 2485 quoque
1094 2383 1295 2484 contingat,
1316 2375 1481 2456 ulteriorii

145 2481 294 2580 gatione
310 2504 386 2554 non
402 2482 556 2584 indigna
578 2506 637 2556 res
654 2481 716 2559 est.
980 2538 984 2543 -

45 2669 48 2675 ³
241 2582 300 2652 An
314 2601 405 2652 vero
420 2596 619 2681 propterea
636 2583 776 2657 nitrum
791 2580 897 2691 operi
908 2577 1168 2692 philosophico
1181 2561 1481 2657 commendabiles

143 2673 391 2779 inquantum,
407 2674 503 2752 infra
517 2677 736 2755 videbimus.

173 2822 183 2837 ·
244 2784 272 2862 ς.
298 2783 332 2851 6.
359 2775 564 2855 Mercurius
575 2802 667 2851 vero
688 2778 802 2853 hodie
818 2775 923 2879 plura
935 2791 1025 2867 vota
1042 2776 1194 2869 obtinet,
1212 2797 1292 2850 non
1307 2760 1481 2871 quidens

143 2866 347 2962 substantia,
366 2877 467 2970 quae
484 2875 636 2949 mineris
643 2872 896 2966 educitur,nis1
908 2874 1005 2951 casus
1022 2876 1174 2973 quidam
1183 2893 1385 2974 unumprae
1392 2868 1481 2945 astera

146 2972 360 3072 gispurum,
376 2971 435 3044 seu
445 2975 569 3071 potius
585 2978 650 3062 §e
666 2971 727 3052 seu
738 2991 793 3054 Ae
802 2973 1060 3088 philosophico
1071 2968 1189 3076 magis
1197 2970 1393 3057 imbutum,
1408 2959 1481 3042 exhi

105 3122 108 3127 ·
141 3114 146 3129 ·
243 3069 425 3143 Nimirum
434 3073 968 3173 commendaturplurrmorum
986 3073 1177 3147 autoritate
1186 3062 1481 3163 materiabiovulg

142 3163 258 3338 vuspo
269 3165 384 3241 venali
392 3193 461 3268 por
470 3171 593 3244 omnia
603 3174 894 3273 geminapraeter
904 3164 1481 3267 tenuitatem,consistentiam‚poa

142 3260 209 3365 spis
227 3262 283 3340 ior
299 3266 399 3340 enim
410 3289 458 3340 ac
475 3266 727 3383 ponderosior,
743 3294 893 3343 currens
911 3289 1046 3361 tamen,
1059 3267 1226 3356 volatilis,
1245 3278 1481 3372 argenteuacq

142 3361 420 3467 philosophicus
439 3383 548 3442 aram
566 3364 617 3441 est
631 3369 736 3454 aius3
762 3368 911 3442 interim
929 3383 1053 3441 tamen
1071 3368 1156 3441 sicet
1177 3363 1241 3441 sub
1263 3387 1305 3450 ea
1323 3360 1481 3437 substanti

143 3486 217 3560 qua
232 3464 367 3540 venalis
383 3464 570 3540 obtinetur
586 3466 632 3541 ad
648 3490 742 3569 opus
757 3463 970 3581 requisitum
987 3465 1077 3540 nihil
1093 3464 1310 3562 conducatit
1327 3488 1339 3549 ς
1354 3458 1481 3535 nihiiott

141 3561 243 3637 idem
250 3565 338 3666 igne
356 3560 529 3663 requisito
540 3565 686 3639 interno
694 3563 820 3639 instrur
830 3565 929 3655 &ita
942 3580 983 3636 ut
998 3588 1065 3638 nos
1079 3565 1235 3665 quidem
1249 3558 1442 3648 credimus,
1456 3556 1481 3631 ia

120 3732 123 3738 .
142 3657 204 3734 sua
217 3657 409 3739 substantia
428 3661 705 3765 philosophicus
720 3676 741 3747 a
759 3660 837 3737 fieri
851 3661 982 3759 potest.

238 3769 267 3848 a.
294 3787 326 3845 7.
355 3762 425 3862 Qi
453 3761 501 3834 ile
519 3761 624 3860 praxi
646 3762 755 3862 hujus
779 3760 977 3862 magisterii
1005 3755 1191 3846 scribunt,
1216 3779 1350 3833 omnes
1372 3743 1481 3856 purifi<

143 3877 230 3928 nem
248 3858 296 3937 aii
312 3859 521 3932 communis
536 3857 580 3934 ab
599 3856 851 3937 arsenicasibus
867 3859 1099 3957 quibusdam,
1114 3878 1197 4028 Ἕω
1214 3847 1281 3956 ipsa
1298 3852 1481 3931 adhaereant

46 4040 50 4047 .
145 3951 247 4029 cibus
262 3954 503 4056 praestandam
517 3956 584 4033 esse
605 3957 777 4033 indicant.
829 3957 1016 4047 Medium,
1039 3977 1116 4052 quo
1160 3976 1206 4027 oc
1221 3952 1354 4057 peragi
1370 3948 1481 4027 debeas

112 4050 116 4058 “
144 4049 242 4128 asiud
251 4074 432 4151 quaerunt.
476 4052 739 4131 Sincerissrmus
757 4052 956 4131 Philasctha
971 4053 1145 4131 sntroitua
1161 4052 1281 4155 aperti
1294 4056 1385 4145 Cap.
1400 4053 1481 4124 xta

139 4146 321 4227 sanehuic
333 4147 575 4229 fundamento
589 4177 741 4253 quoque
750 4154 930 4246 innititur,
945 4154 1095 4253 quando
1110 4152 1241 4250 inquit,
1260 4143 1481 4248 quodartista

141 4250 369 4354 pendentes,
395 4250 543 4355 prosena
560 4256 707 4339 Saturni
727 4251 796 4336 esse
810 4252 997 4337 lavacrum
1009 4253 1063 4349 ni
1076 4250 1113 4331 ἃ
1128 4246 1244 4333 abillo
1259 4258 1395 4332 omnes
1406 4250 1481 4348 impr
