3502 4822
145 266 221 421 56
589 267 892 385 fundamento
906 264 1081 404 Cbrmiae

140 471 250 572 ,quod
262 463 630 573 perfeilumsulphur
641 468 775 555 ¹ardens
788 468 826 542 in
842 465 878 559 le
895 465 1075 555 eontinet,
1089 466 1254 571 reparari
1264 464 1362 545 solet
1373 472 1566 561 exterrrld

145 570 320 739 phuren,¹
346 591 400 641 uae
416 588 493 639 non
509 585 586 643 tam
602 584 754 669 promte
775 560 1044 641 inflammabilis
1059 562 1130 656 est,
1154 562 1181 640 fi
1198 590 1343 671 nempe
1358 570 1427 657 diu
1440 594 1567 677 expom

146 687 207 744 tur
222 668 296 744 ae'ri
323 690 334 737 r
350 688 437 747 ero.

143 749 148 758 ’
243 764 380 869 Qoda
410 784 454 836 ua
463 762 690 863 ingrediatur
699 764 810 837 etiam
823 763 1021 851 mixturam
1029 756 1222 859 sulphuris,
1235 764 1568 877 expinguedindo

147 860 236 939 oleis
254 888 300 939 ex
328 788 425 937 rellls
433 885 501 935 nec
511 884 587 934 non
595 858 725 964 spiritu
733 860 811 935 vini
827 854 1036 947 redifierto,
1045 858 1191 933 abunde
1199 858 1569 963 cognoscitur‚tttnin

148 984 243 1075 equa
257 888 385 1037 redstit
396 954 557 1033 flammae
573 958 828 1059 concipienda:
845 958 879 1033 8(
896 957 1020 1058 potius
1029 956 1125 1031 illam
1140 954 1258 1069 ipsam
1266 960 1469 1065 extinguit,
1482 982 1570 1062 etque,

148 1054 314 1175 fitnpro
344 1058 491 1132 ortione
509 1082 595 1139 cum
606 1075 702 1133 terra
720 1056 879 1131 aetherea
896 1054 985 1157 phlo
1015 1052 1078 1129 ista
1090 1055 1126 1131 8(
1139 1054 1209 1129 tale
1222 1053 1352 1135 subtili
1366 1059 1474 1135 acido
1487 1064 1571 1137 mim

149 1154 270 1249 fuerit,
286 1086 407 1243 eillcit,
432 1173 472 1229 ut
486 1174 651 1235 nontam
665 1156 739 1231 cito
757 1152 906 1231 flamma
919 1155 956 1228 di
982 1173 1122 1263 rpetur,
1138 1150 1201 1227 sed
1224 1154 1273 1229 od
1287 1154 1443 1261 longius
1455 1178 1569 1259 tempu

150 1252 226 1359 ipsa
242 1257 360 1333 duret.
411 1260 464 1339 lte
489 1254 659 1329 videmus
690 1254 769 1333 olea
795 1252 990 1342 dellillatr,
1015 1274 1098 1350 quae
1142 1254 1338 1329 auciorem
1356 1258 1571 1355 ‚quantitatem

148 1378 256 1469 ,oquae
272 1353 490 1439 custodiunt,
507 1348 670 1427 citilllme
684 1346 832 1426 flamma
851 1344 1020 1451 disslprri.
1068 1274 1141 1423 Sel
1154 1349 1194 1424 id
1206 1346 1249 1425 fit
1261 1353 1303 1425 in
1317 1352 1451 1455 spiritu
1466 1356 1573 1431 vinirt·

151 1450 324 1543 (lrficoto,
352 1452 454 1549 cujus
468 1446 617 1525 flamma
630 1452 747 1553 magis
761 1452 883 1539 duret,
907 1473 994 1537 com
1015 1462 1141 1531 tamen
1155 1450 1221 1525 vix
1247 1474 1304 1543 3⁰·
1321 1474 1413 1553 pars
1435 1452 1501 1529 olei
1515 1450 1571 1529 sue-

151 1548 224 1633 tilis
237 1550 400 1627 destilluti
417 1548 454 1621 in
472 1545 685 1650 spirituvini
700 1544 897 1635 redificuto
908 1544 1098 1632 consistam
1118 1544 1325 1659 &reliquae
1340 1570 1572 1651 pertesomoet
1602 1562 1608 1638 ζ.

111 1652 119 1676 ‘
151 1647 409 1750 phlegmaticre
425 1642 503 1720 lint.
552 1652 604 1721 lta
625 1648 735 1732 etiam
749 1670 865 1751 porro
889 1644 967 1725 olen
989 1642 1151 1743 exprella
1166 1642 1202 1717 8(
1216 1650 1491 1749 pinguedines,
1512 1670 1573 1751 φη
1604 1651 1608 1737 l

153 1746 333 1844 majorem
349 1734 561 1847 portionem
579 1768 678 1844 aquae
696 1742 836 1834 fovent,
857 1742 1028 1845 longiore
1038 1743 1416 1842 temporellammnm
1424 1744 1575 1833 suffinae
1604 1815 1607 1822 .

154 1868 267 1942 quom
282 1840 452 1941 llfuerint
470 1841 640 1917 destillare
656 1843 691 1917 8(
708 1840 920 1955 phlegmate
934 1844 998 1917 suo
1014 1840 1149 1929 orbata.
1197 1842 1403 1921 curiosum
1420 1843 1486 1937 est,
1497 1843 1574 1947 quod
1605 1837 1608 1864 “

156 1941 235 2017 olea
248 1938 437 2031 flammam
448 1940 938 2041 p1·aebeantdiuturn10rem;
955 1935 980 2013 sl
998 1934 1574 2041 aqutfueritodditoutiinotnrle
1606 1939 1608 1950 '

154 2039 186 2116 la
208 2039 362 2131 sebacea,
376 2064 459 2139 quae
474 2039 609 2113 diutius
624 2040 725 2113 ardet
739 2036 941 2141 siimpostta
960 2034 1072 2113 fuerit
1086 2059 1189 2140 aquae
1198 2032 1364 2141 frigidae.

253 2140 362 2239 Qud
377 2157 540 2214 terreum
556 2139 781 2239 principium
798 2155 993 2213 concurrat
1000 2136 1045 2209 ad
1054 2135 1276 2211 mixtionem
1283 2134 1481 2239 sulphuris,
1492 2135 1573 2215 vuit

156 2240 419 2339 experimentis
435 2235 643 2311 dilucescit:
667 2234 903 2339 ¹cognoscitur
922 2235 1009 2311 illud
1031 2231 1151 2332 ipsum
1166 2234 1428 2337 praecipueex
1443 2236 1595 2341 fulgere·

155 2336 246 2411 dum
262 2360 374 2423 omne
389 2335 523 2425 oleum,
540 2336 660 2408 omnis
674 2336 877 2441 pinguedo,
894 2332 1087 2435 fuliginem
1102 2329 1274 2423 oleosum,
1300 2350 1432 2429 ottoni,
1449 2352 1573 2414 terrem

155 2434 209 2604 «sie.
220 2432 256 2549 se
271 2434 420 2607 'spdrgdt‘
433 2433 539 2533 quod
556 2434 669 2523 ,etiem
684 2433 781 2525 ualet
795 2436 843 2523 de
863 2432 954 2523 ,oleis
970 2430 1210 2521 tenuioribus,
1231 2428 1425 2521 destillatio
1441 2432 1572 2513 aetltert't

200 2552 309 2606 1r1tuo
325 2557 371 2617 rs¹
406 2558 438 2606 c.

171 2556 197 2632 p
255 2630 465 2734 camphora
479 2632 577 2727 juxta
592 2629 836 2729 experiment.
855 2628 966 2724 Boyle
978 2620 1095 2699 ferme
1116 2640 1192 2711 tote
1204 2627 1244 2700 in
1256 2623 1461 2733 ,fuliginem
1479 2646 1573 2707 otton.

157 2726 373 2817 inodoram‚
396 2725 458 2801 inli
491 2730 588 2802 idom
611 2730 795 2802 mediante
817 2723 965 2801 flamma
988 2725 1228 2810 convertitur.
1278 2732 1402 2803 Porro
1417 2730 1574 2804 etiamn
1607 2781 1609 2787 -

158 2840 234 2901 tntu
255 2829 410 2928 dignum
433 2753 502 2915 ed,
528 2852 574 2900 ex
591 2826 679 2899 oleis
705 2823 889 2901 dellillotis
915 2826 950 2897 8(
972 2819 1143 2923 exprellis
1168 2824 1375 2901 maximam
1392 2828 1570 2939 portionem

157 2939 266 2998 terroe
280 2929 361 2999 elici
376 2925 484 3025 polle,
500 2924 647 3020 quando
664 2948 749 2995 cum
761 2922 887 3024 spiritu
907 2924 993 2995 nitri
1010 2920 1066 2993 vel
1089 2920 1171 2993 oleo
1191 2922 1334 2996 vitrioli
1352 2918 1572 2999 miscenturir

158 3016 324 3111 resinam,
340 3048 422 3119 quer
436 3022 568 3095 deinde
581 3018 789 3121 deflagrata,
815 3022 873 3096 vel
891 3020 1019 3095 melius
1035 3016 1219 3109 destillrta,
1238 3020 1515 3123 copiolilltmrm
1525 3036 1573 3093 ter·

158 3140 238 3191 ram
251 3120 289 3193 in
310 3138 446 3193 retorto
469 3118 650 3216 relinquit.

259 3220 422 3295 Notabile
438 3242 587 3317 quoque
635 3239 721 3289 orto
741 3214 805 3304 eil,
823 3216 901 3291 olea
916 3216 1095 3307 aetherea,
1124 3214 1270 3306 succini,
1289 3220 1471 3321 juniperi,
1492 3232 1571 3313 quir

159 3316 209 3391 do
225 3316 335 3417 perse
352 3317 583 3403 destillantem,
598 3244 740 3414 durum·
751 3313 805 3387 illn
822 3314 894 3416 ipsa
911 3315 1115 3411 relinquere
1133 3322 1290 3415 magma'
1298 3318 1484 3415 quoddam
1493 3308 1571 3385 viru

160 3411 258 3506 sum,
276 3428 461 3505 terreum,
484 3414 573 3489 oleis
598 3412 824 3489 avolantibus
839 3414 979 3487 summe
1006 3410 1222 3528 (primoliu,
1248 3410 1485 3489 tenuiffimis:
1505 3424 1569 3483 turi

161 3513 240 3589 haec
261 3542 337 3614 quo
359 3516 411 3590 est
430 3516 627 3589 tenuior&
649 3510 830 3600 subtilior,
856 3535 900 3585 eo
923 3510 1124 3587 volatilium
1140 3512 1174 3585 8(
1189 3510 1367 3587 calidiore
1381 3510 1488 3598 ,uad
1501 3504 1570 3583 tlon

160 3616 547 3717 mumconcipiendum
559 3613 745 3712 proniora,
764 3610 1010 3683 cenduntulen
1027 3641 1036 3689 ·,
1053 3636 1129 3708 quo
1140 3628 1265 3683 autem
1283 3606 1570 3685 terrae-rodino
1606 3656 1610 3668 ι

162 3709 243 3783 sunt
259 3710 385 3787 fixiorn
405 3712 494 3800 olen,
511 3736 594 3809 quae
611 3735 685 3784 non
703 3728 777 3782 uun
789 3710 984 3808 promptei
997 3732 1101 3783 rnem
1113 3709 1274 3809 capiunt,
1290 3708 1354 3785 l'ed
1365 3710 1493 3784 diutius
1502 3702 1572 3777 illuo

163 3809 333 3884 retinent.
383 3816 500 3885 Terra
519 3828 639 3883 :uitem
660 3808 738 3881 lure
755 3809 804 3881 ell
818 3824 954 3881 nntune
973 3733 1152 3891 alendum,
1179 3806 1278 3879 unde
1297 3808 1483 3909 dependet
1501 3798 1572 3903 tuin
1607 3854 1610 3861 .

163 3894 1572 4007 quureolea,seuexprellnseudestillare,itemspiritusplrlugillireelilltutillint
1606 3957 1609 3963 .

164 4002 402 4080 ell'ereel'ruut
419 4005 497 4080 {ntis
510 4006 747 4080 veliementer
764 4004 799 4076 8(
812 4000 953 4079 intenso
963 4006 1081 4078 calore
1097 4027 1182 4075 rum
1199 4003 1390 4101 spiritibus
1402 4002 1504 4079 aridis
1516 4014 1572 4069 rur
1606 4054 1610 4063 .

160 4106 345 4193 renuntio
360 4101 527 4198 fumosis,
553 4130 587 4179 v.
605 4128 642 4207 g.
662 4102 789 4205 spiritu
810 4104 896 4178 nitri
914 4118 1168 4187 coneentrat0‚
1194 4100 1325 4200 l'piritu
1345 4102 1424 4179 mis
1439 4098 1573 4175 rumano
1606 4154 1609 4160 .

487 4213 563 4344 ι
1512 4198 1573 4267 ltro
