3472 4822
388 329 407 361 -.
539 304 792 441 dogmatice
810 306 870 413 ff
886 312 1129 421 rationalis.
1317 416 1393 463 .‚
1457 346 1526 469 23

177 500 648 597 Falsumest,neidumeum
661 506 765 583 arido
774 502 1023 599 effervescere,
1036 514 1220 610 utibutyr.
1231 517 1425 593 antimonii
1439 544 1526 597 eum

130 604 208 677 ritu
227 606 314 677 nitri
330 604 386 677 vel
402 599 603 701 aquaforti.
652 607 763 680 Enim
779 630 869 682 vero
885 607 1157 689 effervescentia
1172 610 1213 686 fit
1233 619 1393 693 maxima
1405 642 1451 693 ex
1467 644 1525 695 eo-

129 704 367 793 mmixtione‚
379 724 415 777 nt
424 727 500 776 non
513 706 688 802 provenit
696 729 743 779 ex
752 704 863 780 acidis
873 708 968 784 inter
977 707 1011 784 se
1020 713 1156 803 mixtis,
1171 709 1232 788 fed
1249 716 1351 813 quod
1369 716 1525 793 haeeaei·

140 800 238 875 inter
245 800 282 877 fe
291 799 441 877 confusa
450 800 671 877 constituant
684 801 922 897 menstruum,
940 811 1043 907 quod
1058 814 1135 913 ugit
1147 813 1186 887 in
1202 816 1426 890 mercurium
1442 818 1528 895 vitoe
1630 886 1634 891 .

128 896 787 1001 itnnteminporisbutyr.antimonii.

173 1002 258 1074 Non
275 999 398 1073 omnis
416 995 689 1077 effervescentia
708 999 946 1103 eonjunftum
973 1002 1084 1083 hnbet
1108 1004 1278 1097 calorem,
1294 1006 1356 1085 sed
1380 1012 1525 1101 dantur,

129 1096 280 1271 aplane
289 1097 430 1172 nullum
439 1097 877 1189 eduntcnlorem‚itneum
886 1118 994 1193 creta,
1004 1102 1122 1178 cums
1141 1106 1227 1179 iritu
1236 1108 1322 1181 nitri
1333 1110 1527 1211 itemitf'pi-

129 1208 156 1269 tu
182 1194 245 1271 alis
256 1198 487 1285 ammoniaci,
508 1194 636 1297 spiritu
649 1196 799 1289 vitrioli‚
822 1196 949 1300 spiritu
962 1200 1050 1294 salis,
1070 1131 1219 1307 iniignis
1235 1202 1276 1280 fit
1290 1204 1526 1284 efferuescen-

129 1290 380 1385 tsedlineullo
393 1292 524 1370 calore.
572 1294 854 1371 Effervescentin
861 1295 930 1373 {isti
938 1300 1068 1400 potest,
1085 1304 1234 1401 quando
1249 1296 1526 1409 affunditur'spi·

129 1394 254 1507 urrini
270 1388 596 1507 rectificatiffimun
607 1396 784 1492 quoniam
794 1393 852 1470 ille
865 1399 902 1472 in
911 1419 1105 1475 momento
1122 1404 1527 1507 ugitinecidumfeque

129 1490 241 1573 mullo
257 1508 463 1595 coniungit,
479 1493 736 1592 itaquemitius
752 1494 876 1577 evadit
890 1496 1145 1581 acidumilluil.
1566 1504 1571 1513 '

535 1686 730 1809 SECT,
751 1689 787 1801 Ι.
824 1688 975 1807 ΟΑΡ.
997 1690 1056 1805 V.

762 1928 817 2006 ue

213 2084 949 2217 FERMENTATIONE
997 2092 1057 2213 &
1096 2087 1386 2217 PUTRE
1503 2068 1507 2073 ⁵

618 2257 989 2371 rncnoue.
1518 2278 1523 2287 ·

129 2496 408 2577 '‘Ermentatio
424 2494 476 2573 est
483 2509 608 2573 motus
617 2494 815 2586 intestinum
832 2491 1063 2573 suscitatusin
1076 2490 1190 2571 suecis
1205 2494 1466 2599 vegetabilium
1474 2500 1521 2575 ab

129 2594 147 2683 1
176 2598 184 2605 ”
208 2596 303 2673 aeris
316 2595 496 2672 tenuioris
520 2594 626 2672 calidi
642 2592 794 2688 influxu,
810 2590 947 2671 faciens
961 2596 1006 2671 nd
1021 2593 1403 2697 spiriturafcentiam&
1423 2592 1521 2699 sepa-

203 2698 385 2773 rationem
419 2694 654 2771 articulatum
671 2694 1016 2810 heterogenenrum.
1066 2694 1198 2769 Omnis
1211 2692 1445 2771 fermentatio
1469 2696 1524 2771 est

129 2788 289 2883 {vinofn
305 2794 362 2868 vei
392 2792 567 2896 pirituosn
581 2792 643 2868 seu
662 2791 910 2895 putredrnosa.

171 2892 234 2969 Illa
250 2909 395 2969 tantum
410 2892 533 2968 locum
549 2891 661 2969 habet
676 2896 715 2967 in
728 2917 847 2999 regno
854 2888 1074 2997 vegetabili:
1098 2888 1179 2965 haec
1192 2894 1379 2993 praecipue
1392 2891 1432 2965 in
1446 2889 1521 2966 eni·

129 2990 274 3081 tutibus,
290 2992 412 3064 triario
423 2992 462 3065 in
478 3016 524 3065 ve
553 2990 753 3068 etabilibun

172 3086 370 3167 Exvinosa
413 3088 511 3162 rodit
526 3014 672 3189 fpiritus
698 3086 966 3166 inflammabilis
987 3086 1021 3161 &
1041 3083 1163 3183 liqubr
1176 3084 1332 3163 vinosus⁰
1381 3088 1438 3161 Ex
1479 3108 1519 3161 u·

129 3184 261 3265 xlinofa
274 3186 321 3261 sai
336 3114 481 3260 voiitne
495 3208 581 3257 eum
595 3185 678 3261 oleo
694 3182 841 3276 foetido,
856 3188 955 3261 unde
967 3184 1204 3284 putredinem
1219 3185 1404 3261 ordinario
1429 3113 1521 3261 silet

129 3288 246 3381 inituri
261 3283 383 3359 foetor.
435 3278 617 3381 Requifitn
640 3280 932 3359 fermentationis
958 3280 1093 3355 vinofae
1142 3280 1340 3359 otiffimum
1361 3280 1458 3355 sunt:
1485 3309 1518 3361 1.

129 3386 175 3460 eei
182 3384 444 3488 vegetabilium
460 3382 654 3482 temperati
665 3380 790 3455 dulces
804 3409 815 3467 ς
835 3408 870 3459 2.
886 3382 977 3456 aeris
992 3304 1272 3479 tepidiiiberior
1287 3376 1458 3464 acceffus3
1484 3404 1519 3467 3.

132 3488 277 3560 materia
293 3478 607 3558 fermenteseibilis
624 3475 667 3554 fit
683 3478 865 3577 inquiete,
880 3480 913 3554 u
929 3474 1009 3553 fatis
1017 3500 1197 3581 magnum
1207 3480 1338 3555 habeat
1351 3475 1519 3591 spatium.

144 3584 381 3683 Qodtnmen
397 3581 542 3681 semper
557 3602 634 3652 non
654 3602 748 3678 opus
766 3574 810 3653 fit
823 3576 962 3652 additio
980 3572 1155 3651 fermenti
1168 3575 1229 3651 feu
1245 3592 1411 3663 materia,
1434 3598 1523 3674 quae·

129 3700 152 3762 n
168 3684 207 3769 in
222 3697 329 3755 motu
344 3678 514 3755 intestino
557 3677 789 3752 articulatum
800 3674 1013 3751 vehementi
1029 3672 1198 3752 consistit

172 3784 414 3855 fermentum
431 3778 500 3852 tale
531 3775 750 3880 uppeditnns
766 3772 828 3852 fex
841 3776 936 3865 vini,
960 3772 1090 3849 melius
1106 3790 1229 3851 autem
1245 3770 1434 3862 cerevistae,
1448 3764 1520 3849 fer·

129 3897 245 3955 tntum
261 3872 471 3975 panificum,
482 3874 567 3963 mei,
582 3903 593 3963 3
608 3898 656 3951 ex
668 3898 788 3977 regno
796 3873 942 3951 animali
956 3870 1071 3947 sativa.
1352 3944 1356 3951 ,
1519 3943 1522 3949 .

129 3976 131 3981 ’
160 3974 284 4054 Nullus
292 3975 495 4087 liquor,qui
503 3973 803 4077 exhomogeneis
812 3972 1133 4075 constatpartibus,
1141 3966 1520 4048 adfermentntionem

129 4094 262 4175 uptus,
277 4072 340 4151 sed
355 4070 541 4174 particulis
564 4070 825 4178 heterogeneis
839 4068 1037 4271 deppsseffe
1054 4066 1255 4150 confluunt
1271 4067 1322 4147 ita
1343 4088 1435 4169 aqua
1449 4086 1517 4166 pu·

129 4180 218 4257 ΡΜ
228 4182 277 4253 H·
1464 4180 1518 4247 11·
