3472 4822
423 293 756 447 dogmatica&
767 288 1029 425 rationalis.
1379 343 1466 459 49

129 491 396 668 nsumrbipepile
419 493 480 667 'lm’
491 497 608 670 (ξίηκ
620 497 667 669 ih
674 496 823 613 calculo,
838 497 886 614 sal
895 497 1044 618 uolatile
1058 505 1184 579 tartari
1198 502 1237 622 in
1249 462 1461 627 oblh'uliin

129 610 367 792 &quiricii
376 618 516 769 bibile
529 597 1095 798 ffitffiagffiffssdspsgffiffig
1103 601 1461 807 aimihhiaacirilgiihil
1601 774 1605 779 .

129 792 315 906 [Mercur.
333 789 547 883 ,sublunaria
565 790 636 883 est,
664 796 872 898 praecipitet
884 797 930 889 ¹in
937 796 1136 917 pulverem
1146 800 1292 927 ·²¹-b¹lm’
1315 803 1463 906 spiritur

129 886 829 1103 {ffirpfpssieffxettpmflzffliffle’
852 989 957 1089 quod
973 989 1107 1068 dicitur
1123 900 1324 1078 urindsum.
1370 999 1462 1076 salia

129 1082 233 1163 lcalra
246 1083 347 1177 sunt,
370 1110 455 1186 quae
466 1110 545 1162 non
563 1086 709 1177 avolant
730 1113 771 1163 1n
789 1112 916 1179 aurea,
939 1085 1003 1179 sed
1017 1087 1111 1189 salua
1133 1117 1285 1187 manent
1297 1098 1337 1171 in
1354 1098 1462 1189 vehe-

129 1178 244 1258 iffimo
257 1187 355 1286 iguis
371 1184 501 1275 calore.

129 1283 316 1382 hoprium
329 1281 455 1358 salium
466 1278 627 1360 fixorum
644 1281 712 1375 est,
729 1282 834 1379 quod
847 1279 1086 1361 effervescant
1098 1312 1184 1363 curn
1193 1276 1311 1381 acidis
1324 1292 1361 1366 8(
1377 1317 1463 1368 con·

129 1398 187 1471 unt
200 1381 241 1457 in
259 1379 321 1474 sal·
333 1401 519 1477 neumun,
541 1384 647 1499 quod
669 1384 709 1457 in
727 1387 815 1471 ¹uere
834 1379 994 1475 humido
1009 1380 1122 1474 ‚facile
1140 1383 1261 1479 fluant
1284 1414 1355 1491 per
1378 1390 1465 1483 deli·

129 1502 165 1555 n.

129 1575 254 1664 Omnia
268 1574 389 1653 alcalia
407 1574 481 1653 fixa
495 1576 663 1681 sanguini
683 1576 805 1653 addita
822 1548 940 1679 ipsum
959 1572 1117 1654 fluidum
1136 1579 1172 1653 8(
1184 1576 1360 1658 floridum
1382 1587 1464 1663 red·

176 1675 313 1750 Omnia
326 1676 447 1769 aledia
460 1675 530 1756 fixa
552 1701 640 1771 curn
654 1675 738 1768 oleo
758 1676 795 1753 8(
801 1678 977 1780 axungiis
989 1680 1111 1773 ‚mixta
1124 1676 1348 1774 constituunt
1362 1683 1464 1786 sapo-

129 1796 183 1847 me
203 1796 249 1846 co
298 1797 349 1849 us.

129 1870 254 1946 hlcalia
352 1875 467 1948 mixta
482 1895 573 1953 ‚cum
592 1867 750 1948 fil'nibus
763 1870 947 1961 calcinatis
960 1874 1151 1949 extremai
1182 1877 1238 1950 nis
1250 1892 1389 1951 tortura
1405 1877 1464 1955 ab·

129 1971 166 2045 in
181 1970 321 2051 vitrum
340 1999 348 2044 :
374 1971 494 2046 alcalia
511 1969 583 2045 fixa
601 1995 804 2071 corporum
820 1968 1065 2044 resmosorum
1087 1970 1123 2044 8(
1138 1898 1346 2049 oleosorum
1361 1996 1463 2050 corn·

129 2088 159 2141 n
171 2062 278 2143 facile
294 2067 480 2162 reserant,
502 2069 599 2151 &ad
617 2066 885 2160 ,extrastionem
908 2065 1151 2161 resinosururn
1170 2070 1464 2164 eommodiffime

129 2184 254 2241 mun.

129 2262 256 2339 ¹hlcalia
271 2260 342 2339 fixa
355 2257 519 2338 resrnofis
530 2261 665 2352 addita,
678 2286 713 2337 v.
721 2284 763 2373 g.
775 2260 940 2336 mastich.
954 2261 1184 2355 succinbals
1197 2288 1328 2365 peruv.
1344 2263 1465 2357 ‚reclu-

129 2384 145 2435 r
162 2360 308 2449 illorum
324 2381 508 2449 texturam
524 2359 655 2433 intime
675 2359 840 2437 elhciunt
852 2358 1020 2460 spiritum
1036 2360 1236 2453 minoium,
1252 2364 1344 2441 dum
1363 2388 1464 2437 nern-

129 2459 236 2533 idum
250 2460 367 2563 ligant
383 2460 417 2535 8(
443 2453 638 2535 absorbent
661 2461 700 2534 in
720 2456 789 2535 sale
805 2461 1033 2550 armotiam,
1058 2485 1135 2558 quo
1156 2457 1237 2563 ipso
1252 2459 1301 2536 sal
1316 2461 1465 2537 volatile

140 2557 259 2657 juris:
283 2559 364 2637 salia
380 2555 499 2634 alcalia
516 2552 588 2634 fixa
606 2556 764 2645 multum
779 2558 877 2631 inter
890 2554 926 2630 se
940 2552 1126 2647 differunt,
1140 2562 1308 2658 quamuis
1320 2585 1397 2634 non
1411 2584 1464 2635 ra·

143 2652 298 2733 effeuus
314 2660 350 2732 in
365 2656 567 2745 medicina,
584 2674 709 2731 tamen
724 2658 865 2730 ratione
878 2656 1057 2758 puritatis,
1076 2658 1167 2731 dum
1182 2682 1299 2733 unum
1318 2683 1396 2771 prat
1419 2658 1465 2732 al·

129 2750 174 2831 11
186 2756 336 2856 pingue,
356 2758 444 2830 item
464 2754 656 2855 particulas
671 2754 858 2829 terrestres
874 2755 1004 2853 majori
1021 2754 1079 2827 vel
1092 2756 1230 2830 minori
1246 2750 1465 2858 coprapollr·

145 2842 261 2949 Qod
277 2854 460 2929 diversitas
480 2852 521 2927 lit
537 2857 573 2927 in
592 2852 673 2931 lixis
689 2852 829 2943 salibus,
844 2853 980 2927 exinde
995 2850 1128 2941 elucet,
1152 2853 1238 2951 quia
1260 2878 1374 2927 unum
1389 2877 1467 2954 prae

129 2949 370 3055 *pellucidius
386 2954 420 3026 8(
435 2954 584 3027 nitidius
598 2955 660 3027 dat
671 2956 832 3039 vitrum,
858 2951 992 3039 deinde
1005 2951 1114 3026 etiam
1129 2950 1252 3052 pulvis
1268 2948 1465 3039 fulminans
1559 2988 1562 2993 ·

129 3046 320 3137 uodiilime
342 3069 488 3147 paratur
512 3074 598 3122 cum
613 3050 682 3124 sale
696 3050 820 3124 tartari
847 3077 870 3131 ς·
885 3074 970 3122 curn
993 3050 1176 3137 cineribus
1192 3049 1326 3135 clavell.
1343 3067 1467 3123 autem

129 3144 282 3232 incedit.
330 3150 372 3221 ln
386 3143 623 3220 conficiendis
638 3171 678 3220 re
708 3150 773 3220 ulis
785 3144 843 3217 vel
858 3144 1064 3245 separandis
1082 3148 1234 3223 metallis
1248 3146 1295 3241 sal
1315 3148 1468 3235 alcaliex

152 3244 189 3321 8(
213 3263 350 3319 tartaro
375 3264 539 3346 paratur,
564 3245 653 3318 item
669 3170 714 3318 li}
734 3241 887 3317 lixarum
906 3240 1019 3345 longe
1063 3244 1303 3335 raestantiores
1318 3240 1469 3319 effecius

129 3362 173 3418 et
187 3367 299 3440 quarn
327 3342 390 3432 sal,
414 3345 554 3416 cineres
577 3340 700 3421 clavel
748 3338 893 3416 Nullum
903 3338 955 3425 sal
971 3271 1071 3430 'alerii
1088 3339 1151 3425 fibi
1164 3340 1331 3419 reustum
1347 3339 1470 3441 potest

129 3442 262 3532 allisari,
275 3468 360 3516 cum
376 3439 482 3516 furno
498 3457 619 3514 autem
634 3436 816 3539 sulphuris
829 3436 1022 3513 nudatum
1039 3439 1221 3541 elegantes
1235 3440 1377 3540 praebet
1392 3462 1472 3535 cry·

129 3566 158 3616 s,
184 3540 276 3615 Salia
290 3541 415 3615 fixaex
423 3536 684 3643 vegetabilibus
697 3532 895 3611 combustis
911 3556 1184 3637 praeparantur:
1225 3562 1276 3612 uo
1289 3538 1472 3627 abundau-

129 3663 173 3717 m
187 3662 307 3713 autern
323 3657 458 3714 terram
471 3636 714 3740 sulphuream,
740 3637 830 3710 itern
842 3631 888 3707 sal
903 3650 1111 3727 tartareum,
1136 3562 1329 3737 pollldenu
1352 3660 1397 3711 eo
1412 3659 1471 3713 co,-

129 3762 171 3811 us
186 3737 232 3811 sal
247 3739 425 3837 praebent,
441 3741 495 3812 uti
508 3763 543 3811 v.
559 3760 595 3838 g.
612 3733 696 3813 sunt
707 3757 837 3808 ornnes
851 3730 984 3832 plantae
998 3756 1139 3809 amarae.

132 3840 275 3919 Omnes
299 3836 449 3937 plantae,
474 3860 555 3934 quae
572 3829 763 3935 copiosum
781 3829 826 3905 sal
841 3829 986 3905 volatile
1003 3832 1157 3921 habent,
1207 3854 1312 3909 arum
1327 3832 1421 3919 acidi
1436 3831 1473 3906 8(

129 3959 179 4008 un
196 3932 398 4035 largiuntur
414 3962 424 4020 3
449 3937 587 4009 nitrum
605 3956 690 4005 curn
704 3929 924 4004 carbonibus
940 3931 1051 4019 vivis,
1076 3930 1133 4005 vel
1146 3856 1328 4031 sulphure,
1341 3932 1399 4004 vel
1414 3955 1473 4004 an-

131 4034 207 4120 nio,
225 4031 417 4107 uallatum
431 4035 469 4111 iu
486 4033 573 4135 igne
591 4025 803 4132 conflagrat,
822 4028 857 4102 8(
879 4028 1028 4103 tandem
1042 4033 1270 4106 convertitur
1285 4031 1324 4107 in
1337 4050 1475 4132 purum

129 4130 196 4206 cali
212 4127 337 4206 fixum.

129 4345 174 4396 rs
189 4331 234 4405 11.
1387 4321 1477 4405 Calx
1603 4416 1617 4437 Ι·
1644 4344 1649 4353 ·

1399 4486 1420 4537 Ι
1439 4554 1445 4559 .
