3472 4822
180 286 284 441 156
646 276 953 385 fundamenta
967 280 1143 411 thymia

282 499 311 581 5.
338 510 371 573 ς.
393 478 594 573 Metallum,
608 482 713 581 quod
726 483 976 557 communiter
1038 504 1063 555 o
1078 478 1246 584 augenda¹
1265 480 1460 563 hacmad'a
1486 482 1571 563 ndh'

184 602 265 677 tur,
291 584 342 660 est
362 582 567 684 plumbum.
616 579 823 657 Reccherus
843 604 934 655 vero
957 604 977 655 a
1004 582 1161 655 modum
1204 580 1420 657 robabiliter
1441 581 1578 678 statuit,
1638 619 1641 665 ;

186 686 271 762 loco
288 684 407 782 hujus,
424 681 586 783 intellige
595 680 633 753 in
648 680 700 763 ci
717 680 903 782 &argenti
916 676 1069 770 fusione,
1090 605 1443 771 adhilereturburn,
1465 708 1511 759 co
1636 686 1641 763 j

186 786 270 861 dius
285 783 397 882 longe
413 806 493 855 rem
509 774 766 868 successuram,
789 792 914 867 cuma
931 800 1009 853 non
1024 778 1139 853 mddo
1157 778 1200 855 ab
1216 780 1328 859 de&
1348 776 1454 857 fluru
1475 782 1570 859 nihil·
1587 782 1593 795 '
1638 856 1641 861 .

186 902 337 969 teretur,
357 880 417 954 sed
434 875 619 978 &speciali
639 878 756 979 &per
772 874 844 950 sola
860 878 1113 979 experimenta
1129 874 1490 977 ananiseilaeliieacia
1504 911 1552 983 po
1638 955 1641 963 ,

186 980 288 1056 tiales
304 979 422 1053 adhuc
438 978 472 1051 dc
497 976 615 1049 veluti
625 970 830 1051 tenuitfime
857 978 895 1049 in
910 976 1039 1051 eadem
1066 976 1207 1050 minera
1222 974 1422 1067 haerentes,
1451 1004 1522 1055 nec
1538 983 1622 1070 dunt.

185 1083 415 1181 confingor&
433 1074 701 1150 metallicorum
720 1074 994 1189 principiorum
1010 1077 1282 1177 atomoa'ttogat,
1300 1072 1399 1165 siuet,
1416 1078 1451 1153 u
1466 1079 1507 1153 in
1547 1173 1550 1179 ι
1615 1070 1641 1093 ”

182 1178 286 1256 stum
300 1174 488 1251 metallum
504 1170 584 1248 attu
599 1173 778 1247 deducat:
806 1197 864 1248 cur
878 1175 932 1248 rei
950 1175 1298 1272 mineramquoque
1314 1171 1416 1249 suam
1430 1186 1525 1253 aren
1543 1178 1564 1197 '⁰
1600 1179 1604 1188 '

184 1274 434 1379 superstruxit,
449 1272 513 1349 ubi
529 1270 690 1346 adhibita
711 1291 757 1359 aa
772 1271 911 1371 aliquot
930 1270 1028 1347 mille
1046 1300 1056 1363 3
1083 1272 1248 1347 adhibito
1263 1282 1317 1359 bo
1331 1269 1459 1367 sdtem
1475 1289 1531 1351 tot

181 1370 265 1463 tum
276 1374 442 1449 e’usdem
463 1370 638 1472 ponderis
652 1388 773 1474 partes
788 1371 917 1446 imbibi
934 1371 969 1444 u
986 1371 1144 1466 obtineri
1162 1372 1385 1471 promittit:
1469 1412 1473 1419 ·

283 1402 608 1575 Qemadmodum
622 1487 744 1544 autem
760 1468 914 1545 obvium
936 1468 1017 1559 ests
1084 1470 1135 1543 od
1152 1494 1229 1545 non
1244 1466 1460 1574 nilijinaur'i
1473 1496 1575 1575 praet.

181 1576 328 1649 minero
343 1568 481 1644 tutione
497 1566 680 1671 posterior
699 1568 760 1642 hic
777 1570 912 1643 modus
929 1565 1046 1641 utilioi
1092 1574 1109 1623 '·
1152 1570 1201 1645 ob
1221 1567 1410 1643 sumtuum
1428 1572 1609 1654 rationem.

179 1674 235 1748 lta
251 1693 322 1773 pro
343 1667 483 1767 reliquo
513 1668 655 1769 argenti
678 1670 895 1769 receptioni,
916 1667 1099 1754 lumbum
1117 1667 1353 1777 relinquitur,
1378 1670 1485 1766 quod
1510 1664 1626 1773 dupt'.

180 1792 266 1845 cem
280 1770 412 1843 eodem
431 1766 510 1842 astu
528 1768 632 1840 utum
649 1764 833 1863 praestabit
852 1793 863 1839 τ
887 1691 944 1870 15
953 1766 1142 1861 metali-ium
1163 1776 1303 1870 purtim
1320 1766 1480 1861 imbibit,
1506 1772 1544 1865 2)
1553 1769 1641 1854 urla

181 1892 235 1946 rae
245 1866 450 1968 eonjuuttae
467 1863 735 1939 vitreseentiam
753 1866 908 1965 adjuvat.
956 1890 973 1947 ,·
990 1872 1071 1954 -μῖ
1267 1864 1285 1873 ”
1608 1877 1634 1934 a·

62 2055 65 2061 ¹
267 1954 324 2043 'In
337 1982 383 2057 20
400 1983 533 2053 autem,
553 1964 655 2061 quod
676 1986 721 2036 ex
736 1961 806 2037 sese
823 1964 905 2037 duri
917 1938 1122 2053 fluxutl'est,
1149 1960 1408 2039 &intantum
1425 1962 1550 2067 ignem
1564 1988 1641 2054 rora

209 2066 314 2153 uirit‚
341 2082 480 2163 quanto
496 2058 781 2152 matascone,
805 2086 882 2136 non
898 2064 1013 2143 modo
1037 2086 1125 2151 una,
1149 2060 1211 2137 seu
1227 2063 1262 2136 u
1276 2066 1439 2137 tenuiter
1450 2065 1546 2157 saut,
1567 2054 1635 2139 rai-²*

179 2085 332 2241 Hvaide
353 2160 549 2238 refractarii
575 2157 688 2235 salices
710 2156 872 2251 fuerint,
896 2156 1012 2233 flucre
1031 2159 1157 2263 pouit,
1181 2184 1252 2261 pro
1271 2160 1399 2236 ultima
1424 2158 1478 2236 sui
1502 2162 1626 2278 produ„

135 2262 359 2438 'itatione
375 2259 437 2335 seu
462 2263 507 2336 ad
526 2257 683 2335 lundum
700 2258 913 2367 collestione
935 2260 970 2333 8r
996 2260 1035 2333 in
1061 2280 1173 2332 unam
1196 2258 1342 2333 massam
1370 2247 1617 2365 compatltont'

197 2360 333 2435 ubinde
347 2359 418 2434 sola
437 2357 527 2433 fusio
547 2354 661 2459 perse
676 2353 816 2450 saltiacit,
831 2355 1042 2456 quascoriae
1062 2358 1222 2431 tenuiter
1234 2354 1394 2433 fluentes
1407 2350 1613 2435 metallicam-²

179 2458 415 2629 subsllantiam
432 2456 608 2556 congruis
623 2456 880 2535 additamentis
894 2456 937 2529 ab
951 2452 1034 2556 ipsas
1048 2454 1226 2531 revulsam
1239 2457 1286 2531 ad
1301 2452 1464 2533 fundum
1476 2456 1558 2535 subii
1602 2554 1606 2568 Ι

201 2581 221 2629 e
250 2570 367 2629 ruunt.
1601 2589 1611 2622 ·.

177 2581 199 2631 r
279 2663 307 2743 a.
334 2676 370 2743 4.
398 2646 534 2740 Verbo,
549 2646 588 2721 in
608 2647 665 2723 his
679 2668 791 2770 praec.
809 2648 961 2723 mineris
980 2654 1144 2751 argenti,
1173 2652 1249 2725 auri
1265 2652 1302 2727 8(
1316 2652 1424 2753 cupri
1437 2648 1612 2733 diffluum.

176 2748 243 2825 ista
258 2748 382 2847 quoad
399 2746 665 2847 separationem
678 2772 698 2820 a
713 2765 810 2822 terra
827 2745 887 2821 sua
904 2756 1064 2825 occurrit
1086 2778 1095 2822 ε
1121 2750 1287 2849 Reliqua,
1306 2767 1348 2823 ut
1370 2750 1557 2851 plumbum
1574 2750 1602 2827 t·

174 2846 358 3018 sllaanunu
372 2863 548 2944 tanquam
565 2848 639 2920 cito
667 2842 828 2939 fusibilia,
849 2849 1035 2925 &mineris
1050 2857 1200 2949 quoq'ue
1218 2848 1288 2925 suis
1305 2852 1444 2925 minori
1469 2852 1599 2956 negotiu

172 2970 223 3019 tr
252 2966 394 3020 uantur.
1617 2989 1620 2996 ·

225 2971 251 3045 q
274 3048 346 3118 Pro
359 3038 586 3143 separatione
598 3064 689 3116 vero
704 3038 934 3121 metallorum
952 3042 972 3119 l
988 3042 1200 3121 seinvicem
1217 3070 1264 3124 ex
1272 3038 1378 3123 mallit
1394 3044 1599 3137 confutaret.

172 3160 287 3241 quarn
304 3140 480 3216 elestrum
516 3141 715 3241 antiquitus
730 3167 780 3217 aes
793 3143 1020 3218 corinthium
1036 3146 1107 3219 tale
1130 3150 1224 3237 erat)
1248 3170 1438 3236 vocamus,
1461 3144 1600 3223 notauit

107 3260 115 3287 l
173 3238 228 3317 est
244 3240 470 3341 experientia
487 3241 632 3339 aptiori
646 3265 722 3313 non
737 3241 831 3315 bene
849 3242 1102 3343 conceptibilis
1118 3243 1286 3335 effestuc,
1309 3248 1413 3345 quod
1425 3246 1609 3349 plumbum?

170 3334 299 3417 omnia
315 3338 454 3437 reliqua
472 3336 637 3428 metalla,
663 3360 799 3441 praeter
822 3355 859 3423 Θ
886 3342 920 3415 dt
946 3360 995 3430 al,
1022 3344 1059 3415 in
1076 3346 1246 3419 minimas
1271 3362 1418 3420 atomos
1447 3342 1599 3432 resoluta

168 3460 261 3539 quas
279 3440 394 3514 modo
411 3437 548 3534 &lenta
563 3435 771 3523 semivitrca
793 3437 1019 3515 consrstentia
1044 3443 1089 3515 ad
1115 3440 1348 3556 superficiem·
1367 3440 1421 3518 sui
1436 3442 1580 3544 excoq''

169 3538 289 3615 modo·
304 3536 426 3612 secum
442 3530 481 3611 in
494 3532 674 3635 cupellam
693 3536 849 3629 imbibit,
864 3541 980 3613 modo
996 3564 1068 3614 una
1084 3541 1120 3613 in
1136 3561 1273 3615 vitrum
1288 3542 1484 3622 convertit.
1604 3573 1608 3584 ·

269 3648 297 3728 §.
327 3658 359 3729 5.
387 3634 503 3735 ipsam
527 3659 608 3707 rem
635 3636 832 3747 aggressuri
856 3655 983 3711 notare
1006 3639 1183 3713 debemus
1208 3636 1391 3714 rationem
1418 3634 1617 3722 dffumtb„

167 3728 390 3834 diligentiae,
407 3734 544 3831 quaein
560 3728 697 3805 minori
719 3734 897 3832 &majori
912 3758 1027 3835 opere
1048 3736 1255 3815 adhibenda
1272 3741 1446 3829 occurrit,
1465 3762 1552 3815 cunr
1562 3736 1612 3813 uia·-

166 3828 307 3907 delicet¹
320 3828 517 3903 docimasta
524 3824 673 3929 sollicite
689 3853 893 3919 moneatur,
904 3848 944 3905 nt
953 3830 1232 3936 dissipationem,
1249 3842 1324 3916 buo
1335 3830 1606 3935 nubilium!

163 3914 241 4025 Ξίε
257 3927 308 4002 sui
333 3927 489 4003 minerei
513 3926 552 4001 in
579 3924 667 4003 testa
695 3928 729 4003 u
756 3930 924 4004 cineritio
952 3928 1102 4008 sollicite
1128 3954 1276 4025 caveat,
1304 3934 1554 4011 incessionem
1573 3934 1613 4008 in·

162 4028 366 4129 p‘umbum
388 4024 541 4101 totalem
559 4024 678 4127 probe
703 4028 883 4120 attendat,
908 4026 1108 4107 scoriarum
1129 4030 1370 4110 sufficientem
1396 4030 1616 4111 fluidarum*

161 4141 368 4225 procuret:
399 4123 619 4211 haecomnia
649 4124 825 4198 nimirum
845 4123 1037 4205 referenda
1056 4130 1197 4208 suntad
1221 4134 1553 4237 proportionemp

162 4226 265 4331 sitris
282 4223 517 4320 docludta'ci,
532 4226 636 4331 quod
653 4224 739 4329 quia
752 4224 856 4307 vade
869 4248 1031 4331 parvum
1046 4230 1109 4326 est,
1130 4250 1283 4337 oportet
1305 4248 1347 4313 ut
1358 4230 1517 4313 sollicite
1530 4255 1612 4335 pra·

328 4340 333 4349 ¹
1359 4370 1360 4374 ’
1438 4348 1613 4429 “mulfo
