3472 4822
254 414 257 419 .
475 269 734 407 dogmatica
752 268 810 375 δ’
828 270 1073 385 rationalis
1416 308 1506 433 :29

153 468 255 547 lnter
271 464 468 572 sulphurea
482 471 652 546 obtinent
666 498 680 549 1
694 493 800 545 mum
816 468 941 547 locum
958 468 1105 586 spiritus
1114 468 1411 575 inflammabiles,
1433 482 1502 584 qui
1559 496 1571 513 '

131 566 258 647 ilaliud
268 567 368 661 srmt,
398 594 509 668 quam
524 568 1294 652 oleaaethereamediantemtestinoaetheris
1308 575 1508 661 fermento«

131 688 264 745 arnotu
285 667 441 745 resoluta
464 668 499 742 dr
519 660 720 743 subtilildta.
769 669 885 745 adum
903 668 1029 744 locum
1050 670 1231 763 obtinent,
1240 675 1317 752 olea
1332 679 1504 759 destillata

131 788 218 845 terea
233 792 281 845 ex
298 766 538 855 aromatibus,
564 766 763 854 radicibus,
788 765 1008 859 seminibus,
1035 766 1188 863 resinis,
1213 792 1353 875 parata,
1378 778 1504 855 oleum

131 864 404 1041 yozhyllorum,
429 864 575 955 succini,
601 866 780 967 juniperi,
808 866 1036 943 therebintb.
1065 872 1276 947 cinnanom·
1298 873 1357 947 vel
1370 880 1501 970 nativa,

131 984 174 1063 {tn
203 964 535 1070 usellpetreolum.
573 961 1504 1071 3tiumlocumobtinentoleaempyrevmaticaicrne

130 1063 299 1155 oelicita,
323 1090 358 1147 v.
372 1087 408 1139 σ.
436 1062 569 1140 Oleum
584 1064 708 1137 tartari
724 1059 913 1157 foetidum,
938 1071 979 1141 C.
994 1070 1035 1141 Q
1052 1064 1176 1142 oleum
1190 1068 1395 1147 carbonum
1406 1040 1501 1153 litte

130 1160 207 1237 tas
225 1161 335 1255 halti,
357 1126 484 1239 oleum
499 1161 700 1259 lignorum.

151 1188 729 1363 Sulphurexmineralibusetiam
738 1250 995 1335 valdevolatile
1005 1260 1068 1353 est,
1083 1250 1183 1341 unde
1190 1258 1262 1341 leni
1270 1267 1404 1381 igneio
1413 1271 1505 1351 elau·

130 1356 201 1437 'ase
223 1358 376 1463 sulphur
396 1365 434 1437 in
449 1359 561 1437 altum
580 1357 743 1447 tollitur,
768 1358 803 1433 dr
823 1355 944 1431 secum
959 1360 1127 1462 abripere
1140 1359 1232 1439 solet
1245 1384 1356 1443 etiam
1372 1392 1507 1472 graves

130 1456 250 1537 allieas
265 1482 396 1573 partes.
458 1456 623 1535 volatilia
640 1456 747 1531 salina
764 1458 920 1569 duplicis
938 1454 1054 1534 solent
1070 1456 1137 1536 ell‘e
1159 1466 1331 1566 generis,
1354 1468 1413 1543 vel
1430 1477 1502 1550 uri·

130 1558 211 1633 tvel
227 1560 330 1637 acida
341 1556 485 1635 urinosa
502 1557 672 1631 omnium
694 1552 931 1633 volatilrtlima
945 1555 1046 1647 sunt,
1073 1559 1108 1635 u
1124 1564 1382 1661 producuntur
1394 1591 1503 1648 euro

130 1656 318 1747 ranimali,
342 1660 520 1758 quoniam
530 1660 566 1730 in
576 1652 789 1730 animalibus
807 1652 972 1730 intestina
988 1652 1243 1737 fermentativa
1259 1663 1504 1749 aetherearunr

130 1754 312 1831 icularum
324 1759 361 1831 in
371 1757 445 1833 aliis
456 1755 844 1857 corporibusagitatio,
861 1750 1206 1834 diviliosubtilisatio
1216 1762 1339 1837 locum
1348 1760 1470 1844 habet„

152 1858 208 1929 Fae
218 1857 342 1933 acidis
375 1854 582 1931 volatilibus
592 1854 1191 1957 palmamomnibuspraeripiunts
1211 1859 1506 1964 iritussulphuria

130 1952 266 2028 vitrioli
282 1954 451 2047 volatilia,
477 1955 661 2029 mediante
672 1956 785 2041 rima,
808 1972 850 2027 ut
863 1961 923 2027 aer
943 1955 1116 2029 accedere
1127 1884 1247 2057 pollo,
1256 1962 1294 2034 in
1303 1963 1391 2067 igne
1400 1986 1503 2068 aper.

129 2070 274 2127 matus.

129 2138 137 2153 ’
157 2154 228 2227 llic
243 2149 390 2252 spiritus
415 2149 625 2241 volatilitate
647 2145 705 2221 sua
735 2146 852 2225 ferme
869 2147 1013 2248 superat
1032 2146 1112 2226 salia
1134 2152 1305 2243 urinosa:
1327 2154 1510 2240 lenillrmo
1543 2200 1548 2209 ·

129 2270 187 2325 ten
213 2253 300 2353 igne
330 2250 459 2325 auolat.
510 2251 624 2323 adum
644 2244 769 2321 locum
794 2262 895 2321 tenet
920 2247 1067 2349 spiritus·
1091 2253 1183 2327 aceti
1208 2252 1390 2345 destillati,
1412 2285 1508 2359 prae.

129 2350 186 2439 tim
199 2367 456 2424 concentratus
479 2371 525 2421 ex
542 2344 711 2420 saccharo
724 2344 884 2435 firturni,
907 2345 1078 2442 crystallis
1095 2350 1221 2426 viridis
1241 2354 1323 2426 aeris
1347 2377 1506 2455 paratus,

129 2444 452 2548 illicceditl'piritus
467 2443 726 2533 nitrifumans,
751 2442 828 2519 salis
836 2442 1000 2533 fontana,
1018 2448 1083 2544 qui
1094 2448 1200 2529 vitris
1213 2453 1277 2527 vix
1291 2454 1410 2529 teneri
1422 2456 1504 2559 pos·

129 2562 162 2635 t;
177 2550 267 2622 item
275 2546 420 2649 l'piritus
432 2545 529 2635 nitri,
542 2542 783 2619 formicarum
791 2542 946 2617 volatilis
962 2545 1096 2619 acidus.
1452 2544 1456 2553 '

159 2650 257 2721 luter
283 2646 468 2721 mineralia
494 2669 542 2719 eu
567 2642 704 2720 volatili
730 2642 934 2716 mercuriali
959 2660 1055 2717 terra
1088 2640 1256 2720 constant
1279 2644 1504 2747 arsenicum,

128 2748 406 2835 rotariusvivus,
428 2744 676 2829 bismuthum,
699 2741 931 2831 cobaltbum,
944 2742 1208 2833 antimonium,
1232 2750 1508 2851 praecipueejus

128 2840 219 2941 udus.
269 2840 482 2944 eompotua
490 2841 641 2917 exhisce
655 2839 760 2916 dietis
768 2836 982 2931 variabunt,
1003 2835 1051 2913 lic
1059 2864 1093 2915 v.
1102 2864 1139 2943 g.
1154 2836 1327 2919 resrnae&
1343 2871 1503 2950 corpora

128 2941 275 3017 minoia
285 2968 331 3017 ex
353 2944 465 3016 acidis
486 2941 671 3041 spiritibus
697 2940 732 3015 de
759 2938 848 3014 oleis
873 2936 1055 3013 destillatis
1069 2962 1261 3040 parantur,
1286 2966 1333 3018 ex
1350 2943 1420 3020 sale
1439 2973 1507 3025 vo·

128 3036 310 3117 liurinoso
326 3041 360 3112 d
376 3038 503 3138 spiritu
520 3038 597 3113 salis
616 3040 721 3113 acido
740 3034 782 3113 lit
801 3036 847 3111 sal
862 3038 1141 3125 ammoniacele,
1196 3038 1273 3115 uod
1293 3040 1426 3121 deinde
1446 3050 1507 3125 ad·

128 3130 198 3215 lm
212 3137 434 3241 corporibus
447 3134 545 3225 lixis,
570 3138 694 3224 terris,
720 3135 890 3223 metallis,
912 3134 988 3233 ipsa
1003 3137 1125 3211 reddit
1138 3160 1187 3211 vo
1219 3139 1509 3244 tiliaperpraeci.

128 3236 303 3327 arionem,
337 3239 390 3310 uti
412 3236 450 3309 id
477 3233 651 3309 tollantur
673 3230 794 3307 liores.
846 3234 901 3305 Ex
925 3232 994 3306 sale
1022 3237 1314 3312 ammoniaco&
1340 3242 1439 3316 nitro
1465 3244 1508 3323 lit

128 3332 210 3413 Tr'ttrs
238 3339 360 3414 acidus
398 3332 555 3408 volatilis
585 3332 644 3405 l'eu
671 3353 764 3427 aqua
795 3329 898 3429 regia
930 3326 1099 3415 fumans;
1125 3358 1173 3407 ex
1200 3335 1284 3409 oleo
1309 3339 1509 3425 vitrioli&

128 3441 359 3525 tcommuni,
392 3432 537 3534 spiritus
569 3429 644 3505 salis
670 3430 842 3512 lumans3
869 3428 958 3501 item
990 3453 1036 3503 ex
1071 3430 1154 3505 oleo
1177 3432 1313 3509 vitrioli
1338 3434 1374 3509 dr
1398 3441 1508 3537 nitro,

128 3530 222 3710 ffiusm
236 3537 323 3610 nitri
347 3531 519 3619 fumans,
552 3531 590 3605 it.
617 3552 664 3603 ex
685 3524 873 3603 Mercurio
899 3524 1092 3605 sublimato
1120 3529 1261 3631 &Jove
1283 3530 1432 3635 spiritus
1456 3538 1509 3619 sa·

200 3659 276 3709 ·ns.

128 3758 130 3763 ·
160 3730 304 3809 Metalla
318 3731 429 3817 etiam
444 3726 606 3807 lixiffirna
629 3724 787 3801 volatilia
810 3726 916 3800 reddi
937 3714 1084 3827 podlrnt
1105 3722 1351 3811 mediantibus
1374 3758 1441 3813 cor

127 3830 393 3918 ltsvolatilibus,
415 3830 518 3926 quod
527 3828 694 3901 videmus
704 3828 742 3899 in
757 3848 846 3899 auro
860 3820 1095 3919 fulminante,
1122 3832 1225 3928 quod
1239 3848 1361 3910 totum
1377 3763 1511 3935 avolat

127 3926 234 4007 ullam
241 3948 361 4005 metui·
377 3949 438 4003 aut
453 3928 669 4001 accendatur
685 3928 772 4025 igne
787 3921 984 4025 suppedito.
1035 3933 1085 4002 lta
1108 3932 1217 4003 etiam
1232 3936 1337 4009 Luna
1361 3958 1512 4033 cornua,

127 4028 269 4107 cnihil
293 4028 391 4105 aliud
404 4026 455 4101 est
482 4046 594 4125 quam
620 4023 870 4127 magisterium
887 4030 1003 4100 Lunae
1020 4048 1106 4103 curn
1123 4026 1253 4130 spiritu
1271 4030 1421 4110 solisvel
1438 4035 1509 4112 sale

899 4129 967 4223 (D)
997 4151 1012 4221 t
1406 4157 1509 4213 eom.
