3472 4822
416 290 1137 437 dogmaticaesa'exptrimentallr,
1420 322 1501 461 79

139 498 296 603 Optima·
308 490 525 577 enclreiresrs
540 524 611 603 pro
627 497 754 603 spiritu
767 490 842 576 lioc
857 494 1006 602 copiose
1017 496 1198 605 capiendo
1211 502 1371 587 consistit
1386 514 1423 587 in
1436 532 1494 607 eo,

131 598 198 675 tlor
216 598 323 675 valde
336 599 428 675 lenis
441 597 615 688 servetur,
630 600 735 675 unde
753 599 791 673 in
815 596 970 705 singulas
992 599 1101 677 libras
1117 604 1253 680 vitrioli
1269 608 1351 685 duae
1365 610 1493 689 nostes

133 722 172 775 es
188 702 375 775 continuae
391 700 455 775 vix
471 693 676 774 sufficiunt:
702 699 844 774 deinde·
859 701 1089 800 utrecipiens
1101 700 1280 805 longioris
1293 705 1353 795 &r
1370 706 1396 784 st
1413 707 1496 787 fieri

131 791 162 887 it,
176 796 398 901 angustioris
413 796 496 875 colli
510 797 731 899 appliceturr
744 796 833 871 licet
843 798 928 873 actu
939 822 1011 901 pro
1027 802 1243 903 operatione
1258 802 1327 879 ltac
1341 808 1491 911 copiose

131 896 232 973 >time
255 892 483 1001 perficienda-
496 895 679 998 peculiare
697 919 761 971 vas
784 898 859 971 reci
889 898 972 973 iens¹
990 896 1150 973 construi
1167 922 1372 979 mereretur
1388 932 1402 981 ε·
1422 926 1493 985 ter-

131 1012 171 1169 plt
193 1020 261 1111 vas
273 998 456 1097 recipiens
470 998 512 1071 in
524 994 627 1070 alveo
645 1016 738 1095 aqua
753 992 840 1097 frigi
868 995 1015 1099 apleno
1038 1016 1246 1101 mergatur,
1266 1002 1307 1077 8(
1318 1007 1492 1101 ponderi·
1521 1080 1527 1089 .

156 1114 379 1170 animatur.-

139 1206 168 1287 §.
179 1122 215 1273 pt
225 1218 259 1291 5.-
279 1196 316 1269 Si
332 1214 423 1267 vero
439 1188 563 1266 saltem
574 1206 820 1267 communem
831 1188 999 1295 spiritum
1016 1184 1051 1268 82
1070 1186 1198 1271 oleum
1208 1192 1351 1275 vitrioli'
1363 1224 1493 1305 parare

133 1310 160 1381 t,
179 1292 372 1368 vitriolum
385 1310 589 1365 commune·
613 1290 651 1364 in
665 1287 747 1365 vase
760 1306 888 1365 terreo
904 1288 965 1367 lati
975 1288 1081 1368 fundi
1092 1296 1138 1371 ad
1147 1293 1377 1373 altitudinem
1385 1302 1494 1379 unius

130 1392 287 1468 luorum
307 1388 514 1494 digitorum
535 1386 789 1473 stratilicatum·
805 1388 921 1491 super·
938 1390 1165 1468 carbonibus·
1182 1389 1374 1495 succelsrve
1390 1398 1493 1479 colci-

174 1488 285 1579 otestf
301 1492 350 1565 ita
366 1509 409 1565 ut
422 1488 546 1591 primo
565 1490 643 1589 ejus
664 1484 841 1587 aquositas
860 1490 1055 1591 divaporct
1067 1540 1081 1577 ,-
1097 1492 1136 1567 8(
1149 1490 1258 1567 malla·
1274 1492 1493 1591 cxliccetur3

143 1588 226 1665 at'to
246 1588 456 1664 intendatur
471 1588 579 1689 ignis,
596 1604 637 1661 ut
648 1604 771 1662 totum
788 1610 853 1665 vas
864 1613 954 1663 cum
966 1588 1118 1665 materia
1141 1607 1315 1667 contenta
1330 1598 1494 1693 candeat,

130 1688 209 1761 dor·
220 1685 277 1762 ille
299 1690 427 1791 (geos,
451 1690 517 1785 qui
541 1685 690 1762 sollicite
705 1702 834 1787 captus
856 1684 1028 1791 spiritum
1046 1687 1188 1764 vitrioli
1208 1690 1393 1767 volatilem
1407 1720 1493 1772 con·

129 1786 156 1860 it
175 1788 214 1861 in
230 1807 355 1859 auram
373 1777 582 1860 exhalabit:
606 1782 796 1860 vitriolum
814 1804 942 1861 autem
959 1789 1083 1886 primo
1104 1784 1263 1879 slavum,
1286 1791 1424 1887 deinde
1434 1820 1493 1871 ru·
1577 1806 1595 1816 ”

130 1908 155 1957 ιι
167 1934 181 1974 ,-
204 1884 371 1959 colorem
379 1884 516 1958 induet.
565 1886 649 1957 Hoc
674 1900 896 2055 apparente,
911 1886 1102 1997 praecipue·
1120 1881 1145 1959 li
1164 1886 1311 1962 naribus
1327 1914 1403 1965 non
1418 1917 1493 1969 am.

129 1984 249 2057 tadeo
267 1981 405 2057 intense
423 1984 554 2083 deus,⁸
577 1980 640 2057 sed
655 1978 779 2055 satem
803 1980 1014 2082 lrmplrciter
1037 1983 1180 2071 acidus,
1206 1984 1303 2061 odor
1314 2012 1493 2083 occurrat,

129 2080 235 2155 olum
252 2083 299 2156 ita
318 2080 539 2155 calcinatum
551 2080 596 2154 ad
610 2078 826 2154 ulteriorem
841 2079 1066 2179 ignitionem
1079 2098 1229 2159 retortae
1241 2097 1370 2165 terreae
1386 2085 1493 2165 fimili

129 2200 205 2255 :atae
224 2182 446 2282 imponatur,
461 2179 499 2251 in
514 2174 625 2252 furno
639 2179 735 2351 ignis
753 2182 870 2279 aperti
879 2176 1089 2269 collocetur,
1107 2180 1142 2255 da
1158 2183 1361 2285 recipiente
1368 2192 1491 2289 capaci

129 2278 307 2374 raquali,
334 2281 379 2354 ad
397 2280 594 2352 minimum
613 2274 653 2352 su
680 2275 790 2377 dupla
802 2326 817 2365 ,·
857 2280 1058 2375 qumtitate
1076 2300 1208 2375 aquae,
1272 2306 1356 2359 uam
1371 2284 1493 2388 ipsum

129 2374 237 2451 iolum
277 2380 538 2478 on‹te·1·at‚v.gr.
558 2373 724 2477 pluvialis
742 2372 939 2467 destituta,
956 2370 1181 2477 imposito&
1198 2306 1380 2473 collutato',
1396 2384 1494 2461 inlli-

129 2492 167 2547 ur
183 2476 230 2551 de
263 2476 373 2553 illatio
387 2477 432 2551 ad
447 2472 738 2549 candescentia'm
754 2469 988 2549 intensiorem
999 2490 1148 2551 retortae
1162 2503 1173 2562 ς
1187 2480 1236 2552 ita
1252 2479 1494 2561 nebulaeatbae

129 2575 382 2669 rorabuntru
407 2576 596 2675 integrum
617 2572 858 2673 recipientem
879 2570 1009 2649 senlim
1030 2568 1300 2669 obscurabunt,
1325 2580 1363 2654 in
1388 2584 1494 2684 cujus

129 2668 293 2749 milsurae·
313 2674 555 2750 collocatione·
573 2696 659 2747 cum
682 2688 821 2747 retorta
839 2672 937 2747 exile·
956 2670 1109 2769 aliquod
1127 2669 1345 2771 spiraculum
1353 2730 1366 2767 ,-
1389 2684 1493 2783 apice

129 2790 172 2847 eo
187 2772 456 2861 obturandum,
476 2772 633 2871 relinqui
650 2768 770 2871 potest
777 2822 790 2861 ,-
809 2787 864 2859 utr
886 2767 1027 2847 fiforte
1043 2770 1178 2845 nimius
1192 2772 1373 2850 violenter
1395 2778 1493 2881 ignis

128 2868 272 2959 sceret,
301 2872 394 2947 &ita
412 2870 558 2971 spiritus
581 2874 742 2945 nimium-
760 2870 984 2945 immodeste·
1003 2867 1317 2973 propellerentur,
1340 2872 1495 2976 spiracu-

129 2984 276 3063 pateot,
304 2993 372 3067 per
387 2972 490 3065 quod
504 2994 700 3069 erumpere
751 2966 873 3060 oldut,
897 2964 1109 3069 &rupturae
1125 2971 1495 3074 recipientispericu·

131 3070 311 3143 evitetur.
357 3068 429 3139 Hae
442 3060 584 3137 nebulae
596 3066 685 3161 nihil
704 2994 802 3141 aliud·
815 3066 897 3141 sunt
943 3090 1028 3143 uam
1041 3066 1273 3169 pars-vitrioli
1289 3070 1397 3149 salina
1415 3072 1495 3153 sub·

130 3188 200 3241 me
215 3180 351 3252 terrea,
369 3180 458 3262 quae
471 3162 510 3234 in
525 3160 753 3263 propositam
768 3184 904 3259 aquam
916 3094 1054 3238 sensim
1068 3168 1268 3267 mergitur,
1290 3168 1491 3255 imbibitur,

128 3264 283 3341 tlluitur.

139 3364 181 3437 Si
197 3362 303 3437 valde
319 3354 461 3434 intenso
481 3350 571 3459 igne
584 3351 642 3428 vel
656 3350 776 3429 statim
794 3346 838 3429 ab
858 3354 979 3443 initio,
993 3350 1056 3431 vel
1073 3346 1283 3451 succellive‚
1307 3382 1496 3465 urgeatur,

128 3481 241 3535 :torta
253 3458 418 3557 undique
435 3452 632 3539 candescat,
650 3452 833 3557 spiraculis
854 3452 1003 3529 interim
1018 3456 1057 3531 in
1075 3456 1494 3565 commilsurarecipien-

128 3554 251 3645 elidis,
266 3556 480 3633 rubicundae
496 3553 557 3629 seu
572 3552 685 3628 fuscae
697 3568 812 3655 guttae
827 3549 1061 3643 transtillant,
1082 3578 1176 3655 quat,
1192 3556 1282 3631 dum
1299 3558 1492 3661 recipienti

127 3658 206 3731 tido
246 3656 477 3746 allabunturr
497 3678 575 3729 non
598 3652 700 3727 aliter
725 3648 894 3743 sibilant,
914 3674 1026 3751 quam
1050 3648 1079 3727 st
1100 3652 1245 3729 serrum·
1269 3658 1429 3735 candens
1453 3664 1493 3737 in

127 3774 184 3831 tm
211 3754 440 3853 injiceretur,
463 3754 567 3853 quod
589 3752 711 3827 oleum
740 3748 876 3825 vitrioli
902 3750 1063 3843 dicitur,
1095 3770 1233 3855 nempe
1258 3760 1280 3829 a
1303 3752 1329 3829 s
1345 3754 1493 3842 illitudi·

127 3850 220 3952 puali
246 3850 476 3955 unguinosa‚
496 3878 572 3927 non
597 3869 721 3928 autent
746 3850 849 3951 quod
884 3850 988 3949 aquia
1013 3848 1039 3927 s
1083 3869 1246 3945 emeret,
1270 3782 1491 3935 velinflam

127 3954 193 4041 sile,
219 3970 281 4027 ant
306 3972 399 4051 aqua
421 3947 546 4035 levius,
571 3948 638 4036 situ
660 3946 713 4025 est
738 3950 840 4025 enirn
864 3946 991 4049 liquot·
1008 3974 1034 4025 v
1094 3952 1371 4067 epontlerosua,¹
1388 3958 1495 4062 aquit

142 4050 338 4143 miscibitis,
363 4048 409 4137 δι,
435 4045 461 4124 li
479 4050 570 4151 quid
585 4050 693 4143 atiud,
719 4048 989 4153 igm'tioninon
1002 4050 1120 4129 modo
1132 4070 1316 4162 rneputm,
1327 4050 1497 4135 sedeon-

127 4174 215 4229 tum.

1087 4291 1210 4424 ,ᾗ
1370 4346 1495 4458 [rc.
1613 4445 1616 4451 Ι
