3502 4822
157 284 237 430 96
342 390 345 395 ,
393 325 398 335 ·
648 224 955 383 Fundamenta
965 280 1144 395 [lamiae

163 479 357 557 substantia
372 502 490 557 arena
505 476 529 555 s
549 502 652 555 umas
664 497 793 557 onerat
806 480 841 555 dr
856 498 1073 583 praegravat,
1086 498 1128 555 ut
1136 480 1244 559 altitu
1253 482 1386 576 attolli,
1403 482 1579 569 seauton

145 578 420 683 ·interspersam
445 505 608 655 attollere
635 574 881 682 nonpossint,
905 577 968 655 sed
987 598 1386 685 mature-rumpantur,
1416 586 1580 666 &renutu

163 678 356 783 particulas
382 677 660 779 vaporeseentea
680 679 875 759 dimittant.
925 680 1015 777 Qaa
1040 676 1239 779 postquam
1253 704 1311 759 ex
1340 685 1581 789 maximapnt

162 776 346 879 propulsae
361 773 606 875 sunt-reliqua
619 774 759 875 spillior
774 774 926 851 materia
944 778 990 851 ad
1009 772 1319 877 spumescantiam
1330 782 1434 859 hanc
1450 782 1582 889 impul»

160 900 249 953 aum
265 879 425 978 ineptior
439 878 619 976 majorem
635 875 745 949 diam
765 876 861 978 ignis
877 876 1034 977 gradum
1046 876 1221 953 admittit.

257 980 332 1051 Pro
351 973 589 1049 destillatione
602 974 672 1047 olei
687 996 790 1061 cerae,
810 972 1016 1077 ltagmenta
1028 974 1183 1051 laterum
1200 972 1352 1058 orificio
1367 996 1515 1058 retortu
1527 1004 1582 1085 μ

162 1074 373 1177 portionata
397 1072 632 1163 cantlelt'unt,
656 1072 801 1147 &cerat
822 1074 860 1147 in
876 1070 945 1147 olla
967 1068 1170 1171 liquefattae
1190 1076 1241 1151 ita
1259 1078 1581 1158 candentum

160 1170 380 1265 tuntur,olla
393 1172 570 1275 operculo
587 1169 651 1245 suo
667 1193 759 1245 mox
773 1170 989 1260 occluditur,
998 1196 1045 1245 ne
1060 1174 1246 1275 concipiat
1258 1170 1473 1255 flammam.
1514 1182 1581 1255 'ln

159 1268 275 1346 frusta
290 1294 374 1347 cera
395 1273 444 1348 ito
474 1272 626 1347 saturata
641 1285 791 1343 retortae
806 1271 1072 1361 immittuntur,
1094 1269 1238 1375 &igne
1255 1292 1416 1377 aperto,
1461 1280 1581 1353 timot

162 1394 251 1445 men
264 1370 475 1459 moderato,
503 1366 693 1445 destillatio
706 1370 917 1471 peragitur,
942 1392 1014 1469 qua
1029 1370 1153 1475 primo
1171 1387 1300 1465 tenue,
1316 1370 1429 1451 succe
1457 1396 1582 1453 ructet

158 1464 306 1581 craffius
324 1465 472 1641 &parali
491 1466 719 1565 butyrosum,
736 1463 860 1541 oleum
874 1482 1036 1561 emanat,
1049 1492 1138 1549 cum
1155 1468 1277 1571 eliqua
1290 1476 1504 1577 quantitate
1515 1472 1583 1575 pat

190 1582 295 1641 matrs
315 1569 368 1642 aei
397 1566 419 1641 i.
547 1576 551 1583 '
702 1604 705 1609 ·

157 1590 189 1669 g
258 1680 287 1760 a.
314 1693 348 1765 7.
373 1669 549 1739 Tartarus
581 1662 800 1741 tartarisatus
832 1645 1117 1780 Langelotianm
1139 1688 1271 1762 veto,
1307 1664 1515 1746 seeundum
1531 1690 1581 1745 ut
1619 1651 1621 1662 ¹

157 1764 253 1839 dum
276 1762 428 1865 abipso
453 1768 592 1837 ,aratore
618 1762 895 1865 praescriptum,
920 1762 1177 1841 immittendus
1201 1762 1256 1841 est
1283 1765 1522 1844 destillatorio
1538 1762 1581 1842 lu
1616 1789 1621 1814 ¹

159 1886 254 1951 reo,
291 1862 327 1937 a
348 1862 396 1937 ita
423 1860 587 1937 adhibito
614 1863 700 1965 igne
735 1860 926 1965 pellendus
951 1890 962 1950 ς
986 1886 1064 1961 quo
1092 1864 1167 1937 cito
1193 1864 1235 1938 in
1261 1862 1422 1965 spumas
1447 1868 1582 1943 intuitu·
1617 1937 1621 1949 .

147 1958 253 2063 ¹biles
277 1976 414 2061 praeter
438 1956 588 2063 frigoris
609 1976 728 2062 'opem
760 1958 958 2049 attollitur,
990 1960 1039 2037 ita
1063 1974 1106 2035 ut
1134 1956 1257 2039 forma
1284 1962 1371 2039 talis
1393 1958 1579 2067 spumaettl
1618 1971 1621 1989 ¹

158 2059 207 2135 ad
235 2056 402 2135 ultimam
430 2058 611 2161 guttulam
654 2083 697 2133 us
725 2084 771 2135 ue
802 2055 1077 2135 transtillaturua
1099 2056 1219 2137 ellat:
1252 2066 1473 2141 occurritur
1492 2078 1582 2142 tuat

158 2156 249 2235 huic
264 2157 517 2249 incommodo,
542 2174 678 2262 prater
691 2084 922 2239 altitudinem
937 2154 1046 2249 uasta,
1069 2158 1324 2277 applicatione
1347 2164 1521 2237 continua
1539 2158 1580 2235 lu

156 2257 361 2433 {caminum
377 2256 708 2361 complicatorum,
733 2278 826 2358 aqua
838 2273 1022 2357 quantum
1040 2254 1122 2333 fieta
1144 2258 1272 2363 potest
1289 2256 1521 2361 frigidiffint
1535 2260 1578 2333 itt·

74 2405 78 2417 ·
187 2373 348 2433 uturum.

255 2460 327 2530 Pro
351 2435 524 2554 omnibu's
559 2476 650 2529 vero
683 2452 743 2529 lais
773 2450 1024 2530 incommodis
1050 2451 1361 2535 destillationibus
1385 2451 1579 2560 mnata&

157 2551 357 2629 inservient
378 2570 526 2629 retortae
545 2552 727 2644 tubulatae,
754 2553 888 2651 quibus
902 2552 1054 2627 materia
1071 2556 1118 2627 ita
1133 2551 1377 2655 spumescens
1390 2582 1460 2660 per
1476 2554 1574 2659 portio

158 2678 224 2727 nea
242 2655 443 2749 injiciatur,
467 2675 539 2751 qua
555 2652 735 2727 methodo
756 2676 832 2726 non
852 2652 968 2726 modo
998 2653 1165 2751 operatio
1183 2648 1259 2727 line
1287 2652 1368 2728 ullo
1390 2674 1516 2741 metat,
1536 2644 1575 2723 stl

156 2752 195 2827 8:
210 2752 315 2825 citius
335 2776 404 2851 pro
419 2775 553 2855 magna
571 2752 783 2849 quantitate,
806 2749 904 2825 liniri
919 2750 1067 2851 poterit.

257 2864 283 2925 a.
309 2868 343 2939 g.
368 2851 505 2925 Eadem
522 2848 598 2923 l'ere
625 2850 825 2924 methodus
845 2848 897 2923 cst
918 2848 1198 2924 dellillationum
1227 2868 1497 2927 concretorum
1514 2865 1573 2947 qut·

157 2948 317 3022 tundam
340 2950 447 3045 aecgati
465 2947 642 3036 animalis,
668 2972 803 3049 nempe
821 2949 981 3049 partium
999 2947 1210 3033 duriorum,
1242 2971 1370 3023 cornu
1384 2950 1498 3037 cervi,
1516 2944 1572 3019 aa

160 3047 227 3132 ris,
253 3048 364 3118 cranii
384 3040 563 3131 laumani,
591 3039 719 3119 offlam
743 3047 1008 3137 humanorum,
1035 3047 1266 3149 viperarum,
1290 3044 1499 3138 bufonum,
1520 3064 1572 3117 ato

158 3166 320 3231 crorum,
346 3144 497 3241 quarrati
516 3161 669 3218 tartarus
687 3146 724 3217 in
741 3162 877 3219 retorta
890 3162 1006 3219 terrea
1020 3142 1125 3219 firma
1144 3141 1202 3217 vel
1219 3146 1343 3221 vitrea
1360 3145 1505 3221 loricata
1517 3145 1573 3259 igne

158 3262 287 3341 aperto
299 3242 465 3317 destillari
482 3241 643 3343 polluat:
673 3240 698 3317 li
713 3262 834 3318 tamen
847 3241 951 3318 scobs
967 3242 1089 3319 eboris
1101 3244 1146 3319 ad
1160 3265 1292 3319 mantra
1306 3242 1363 3335 lit,
1373 3242 1572 3348 potestant!

155 3366 206 3418 ex
221 3360 360 3417 retorta
377 3343 491 3415 vitrea
505 3343 624 3417 calore
636 3366 754 3416 areatat
771 3340 950 3417 destillari.

253 3439 425 3543 Spectant
441 3440 515 3515 huc
531 3466 682 3541 quoque
699 3439 796 3515 feces
810 3442 887 3515 vini
906 3442 1109 3529 exliccatae,
1131 3462 1215 3537 quot
1230 3440 1323 3541 igne
1348 3460 1481 3543 aperto
1493 3431 1572 3515 dall

156 3536 236 3613 lata:
253 3538 433 3640 spiritum,
454 3538 646 3639 copiosum
660 3538 793 3629 oleum,
812 3540 1000 3616 &bonam
1016 3538 1258 3641 quantitatem
1279 3536 1363 3615 salis
1383 3538 1529 3617 volatilis
1539 3552 1573 3609 tt·

156 3636 296 3725 hibent,
316 3664 477 3737 quorum
492 3641 611 3729 odor,
636 3638 782 3741 spiritua
801 3637 956 3731 Belalis,
982 3637 1263 3742 propemodum
1288 3640 1455 3715 odorem
1468 3634 1572 3741 spui!

156 3736 262 3807 corni
281 3739 381 3810 cervi
399 3736 522 3811 refert.
1341 3807 1351 3824 ,

257 3834 388 3936 Fuligo
411 3860 502 3909 vero
528 3834 758 3913 caminorum
782 3830 1087 3935 spumescentiam
1108 3830 1203 3907 illam
1230 3830 1308 3934 ipse
1331 3860 1486 3935 quoque
1505 3817 1571 3937 pol

156 3931 232 4021 det,
259 3949 432 4029 tanquam
449 3932 582 4010 viscitla
601 3936 770 4034 quadam
791 3950 901 4008 tenax
921 3930 1129 4021 litbllantia,
1157 3933 1194 4003 in
1210 3949 1353 4007 retorta
1371 3934 1570 4035 proinap

158 4026 222 4106 fita
233 4025 394 4105 limiliter
410 4032 482 4108 leni
499 4038 586 4137 igne
602 4030 813 4109 dellillanda
824 4031 1001 4131 est,quod
1015 4028 1192 4132 spiritum,
1207 4030 1340 4107 oleum
1355 4021 1570 4136 copiosam&

156 4126 204 4205 sal
222 4128 365 4203 volatile
381 4129 485 4205 valde
501 4149 695 4233 penetrans
714 4132 747 4206 a
765 4128 879 4234 fugax
903 4130 1053 4231 praebet,
1073 4148 1115 4205 ut
1126 4128 1284 4225 lluyleus
1300 4150 1424 4230 putet,
1444 4156 1515 4208 nun
1527 4128 1574 4201 du

154 4246 375 4311 concretum
387 4226 540 4309 salinum
557 4230 736 4313 volatilius
760 4231 802 4314 iu
815 4231 981 4325 mund⁰2
1007 4224 1189 4331 li‘lumem
1212 4226 1262 4306 sal
1285 4228 1370 4311 hoc
1392 4232 1487 4314 bene
1506 4220 1572 4399 ‘ll-l
