3472 4822
491 270 751 407 dogmatice
765 274 825 383 δ’
843 276 1086 379 rationalis.
1311 236 1319 245 ⁸
1418 311 1510 431 ,239

127 466 641 649 msuperciihclicaehpsmcorporis
648 454 1504 601 idapsaoculumafficiennibiquevariamsensa-
1626 462 1629 466 ’

127 594 527 861 ne§lgrtlrii‘principailiter
543 685 647 763 color
662 686 799 803 hereat
812 689 853 763 in
866 688 942 792 ipsa
954 708 1104 786 mente,
1129 692 1191 769 seu
1205 692 1349 774 affestio
1365 703 1500 777 mentis

130 790 393 901 penpicuume
435 809 483 862 ex
490 784 897 889 phantaiinatrbuo&in
910 788 1062 866 somniis
1079 791 1247 869 colorum
1262 799 1502 898 apparitione,

127 885 264 977 niueis,
322 910 378 960 uae
391 881 434 959 fit
450 906 498 961 ex
516 883 732 961 vehementi
740 883 812 961 istu
820 874 935 979 oculi,
960 914 1007 965 cx
1015 893 1122 967 variis
1133 891 1317 969 coloribus
1324 892 1501 994 apoaren-

127 1006 155 1058 u
173 987 211 1060 in
230 912 421 1089 perionis,
450 1008 533 1083 quae
549 984 769 1085 intemperie
793 983 906 1062 calida
926 986 1100 1064 laborant
1151 992 1261 1091 Qod
1286 979 1390 1066 coioi
1409 995 1499 1073 nihil
1532 1020 1535 1025 ’

127 1080 224 1191 dstt,
249 1107 361 1183 quam
377 1100 499 1162 certus
514 1082 604 1157 lucis
620 1102 744 1158 motus
760 1087 936 1161 excitatus
952 1087 1184 1163 materialiter
1196 1095 1233 1163 in
1241 1090 1501 1190 particularum

127 1178 500 1283 ndispoiitione,s1tu‚
517 1177 827 1284 configuratione,
850 1200 1005 1287 apparet
1012 1210 1058 1261 ex
1066 1184 1240 1286 prismate
1249 1187 1310 1263 seu
1318 1192 1414 1265 vitro
1423 1190 1500 1290 pei·

127 1281 178 1357 do
193 1280 406 1385 triangulari
420 1335 431 1368 ‚
458 1281 560 1380 cujus
574 1276 756 1355 beneficio
770 1280 913 1356 colores
926 1280 1177 1459 elepantiismri
1191 1287 1326 1362 iridem
1339 1284 1500 1363 referen-

127 1376 340 1479 praesentari
359 1376 555 1482 poffuntin
575 1382 726 1481 pariete.
745 1434 749 1439 -
775 1406 808 1456 2.
832 1381 978 1455 Demon
992 1386 1081 1459 irari
1099 1382 1173 1459 hoc
1184 1383 1306 1487 potest
1319 1386 1499 1488 exemplis

127 1474 1326 1581 nudorumcoecorum‚quitestudignoscerepotueruntcolores3
1353 1509 1385 1572 3.
1420 1485 1498 1560 uod

127 1575 246 1657 aficie
260 1601 465 1679 corporum
479 1601 547 1677 per
561 1573 819 1678 miscroscopia
830 1579 941 1653 nimis
957 1579 1102 1655 dilatata
1113 1581 1215 1656 color
1229 1598 1392 1658 mutetur
1442 1606 1497 1658 re-

127 1670 196 1752 fior
218 1672 309 1764 fiat3
371 1732 381 1752 .
404 1699 451 1777 ap
479 1694 557 1751 aret
582 1673 670 1750 illud
693 1673 812 1776 ipsum
837 1700 885 1753 ex
910 1675 1034 1753 colore
1058 1677 1233 1778 liquoris,
1258 1684 1322 1780 qui
1347 1706 1417 1782 pro
1444 1683 1496 1756 di·

127 1768 223 1852 litate
253 1775 321 1850 tub
360 1776 372 1848 i
406 1698 478 1849 vei
499 1798 559 1849 am
587 1772 686 1849 lioris
712 1773 773 1849 vel
797 1798 842 1849 an
896 1777 1016 1851 itioris
1039 1776 1261 1881 conspicitur
1285 1781 1406 1880 magis
1437 1780 1498 1855 vei

127 1892 183 1949 ure
196 1873 440 1963 rubicundus,
467 1798 661 1960 coeruieun
685 1874 741 1948 uti
755 1875 831 1948 acci
861 1876 869 1889 ”
907 1873 944 1946 in
960 1873 1104 1952 edentia
1119 1880 1239 1968 croci,
1265 1877 1422 1953 tinstura
1436 1902 1496 1953 vc·

127 1967 166 2047 ia
211 1978 304 2049 item
317 1972 391 2047 hoc
405 1970 637 2048 manifestum
655 1966 697 2044 fit
715 1972 754 2046 in
775 1970 939 2069 liquore,
965 1997 1102 2072 nempe
1119 1970 1298 2047 solutione
1318 1974 1410 2077 ligni
1433 2000 1495 2050 ne·

127 2070 343 2169 itrici‚quae
356 2094 427 2171 pro
437 2067 574 2147 diversa
582 2065 764 2170 positione
771 2071 873 2169 juxta
881 2067 994 2144 solem
1002 2072 1191 2173 variegato
1200 2070 1323 2145 colore
1333 2092 1495 2175 apparet.

127 2168 213 2245 ittet
223 2169 437 2270 illudipt'um
452 2195 499 2245 ex
509 2163 721 2243 contusione
732 2169 818 2242 vitri
829 2166 1024 2340 pellucidi,
1046 2170 1150 2269 quod
1164 2186 1246 2245 tum
1262 2169 1426 2245 colorem
1437 2194 1494 2245 ac-

127 2267 321 2358 titutum,
346 2268 386 2343 id
398 2269 502 2367 quod
521 2264 708 2367 dependet
728 2289 775 2341 ex
789 2264 828 2340 so
841 2290 866 2340 o
880 2262 948 2341 fitu
962 2281 1127 2356 motato,
1152 2291 1239 2345 cum
1258 2284 1385 2346 tamen
1397 2294 1496 2366 qnae·

127 2364 425 2481 particulaperse‚
449 2361 969 2476 fimicroscopioinspiciatur,
989 2361 1031 2438 fit
1042 2362 1242 2467 pellucida,
1269 2367 1495 2463 quodetiam

127 2464 187 2541 uit
201 2467 241 2540 in
257 2488 364 2540 arena
378 2466 465 2542 alba.
515 2471 551 2541 6.
578 2458 893 2564 Colligituretiam
907 2460 994 2538 illud
1009 2487 1057 2538 ex
1073 2469 1249 2555 Saturno,
1273 2468 1385 2562 Jove,
1409 2489 1494 2563 quae

127 2560 445 2741 pbdpnproldiversa
460 2561 703 2668 applicatione
717 2562 817 2669 ignis
840 2560 1002 2639 diversos
1019 2561 1056 2637 δι
1080 2559 1361 2667 elegantiffimos
1384 2562 1493 2639 oculo

214 2680 288 2739 tco
304 2687 397 2738 orec.

147 2776 288 2875 Albedo
303 2774 462 2853 confidit
479 2774 518 2855 in
534 2788 642 2851 motu
652 2768 1151 2865 reflexivoradiorumiucis,
1170 2772 1271 2857 unde
1283 2769 1383 2848 albus
1390 2770 1496 2848 color

127 2874 275 2953 edendo
288 2876 408 2951 lucem
418 2873 513 2949 illam
529 2871 674 2949 fortiter
691 2870 928 2979 multiplicat..

130 2993 405 3092 „Qodcunque
432 2985 587 3088 figuram
612 2987 721 3062 habet
746 3008 981 3087 connexam,
1011 2979 1242 3156 superficiem
1268 2981 1493 3087 levigatam,

127 3087 230 3182 itam,
259 3087 346 3160 iilud
365 3084 485 3165 lucem
503 3087 603 3158 vario
621 3084 734 3158 modo
755 3080 933 3172 reticuit,
959 3083 1038 3157 utii
1083 3083 1251 3157 videmus
1270 3081 1309 3155 in
1329 3080 1352 3156 s
1372 3080 1493 3157 ecuiis.
1605 3106 1614 3123 =

127 3189 188 3263 nia
204 3189 284 3263 olea
307 3182 502 3271 destillata,
528 3205 658 3255 omnes
672 3174 797 3253 resina:
816 3178 981 3254 resolutae
999 3182 1038 3253 in
1052 3178 1167 3281 spritu
1188 3182 1266 3255 vini
1283 3108 1494 3271 retiificato,

127 3287 331 3386 itoliquore
349 3302 467 3382 aqueo
480 3276 534 3354 lac
544 3278 768 3379 producunt.
1271 3368 1277 3377 ι

146 3401 281 3478 Omnia
307 3396 386 3471 oica
415 3390 576 3507 expreiia
600 3391 726 3465 intima
754 3384 1046 3484 conquaffatione
1070 3388 1186 3464 mixta
1212 3410 1298 3461 cum
1322 3382 1493 3461 vehiculo

127 3524 170 3574 eo
189 3496 416 3573 constituunt
433 3494 563 3568 iudem
581 3483 994 3577 emrdsronemlasteam‚
1022 3487 1125 3584 quod
1136 3487 1245 3559 etiarn
1258 3480 1390 3558 accidit
1397 3485 1493 3560 circa

127 3600 186 3673 ina
194 3593 454 3697 vegetabilium
463 3587 599 3679 oleoso,
622 3610 707 3693 quae¹
718 3582 912 3661 contusa&
924 3606 1111 3684 cumaqua
1124 3582 1239 3659 mixta
1254 3575 1493 3657 emulstonem

127 3693 269 3773 iciaiern
283 3692 470 3771 exhibent
704 3694 711 3711 “
1412 3684 1420 3697 “

146 3811 301 3889 Corellia
321 3808 434 3885 soluta
448 3809 486 3883 in
509 3802 614 3880 acido
627 3799 841 3886 menstruo,
864 3798 954 3873 item
979 3797 1131 3886 omnia,
1154 3820 1237 3896 quae
1263 3816 1312 3871 ex
1335 3798 1491 3871 Saturno

127 3928 255 4017 parata
272 3909 355 3985 sunt
366 3905 520 3983 resoluta
535 3926 583 3981 ex
597 3898 730 3990 acidis,
755 3897 905 3998 quando
918 3895 1215 3999 precipitantur,
1238 3894 1437 3973 mixturam
1446 3893 1491 3970 al·

127 4036 136 4089 ι
178 4009 329 4085 raebent
343 4010 370 4057 ⁶
1133 4039 1136 4044 ·
1457 4070 1460 4075 .

146 4038 378 4199 inmunem
403 4112 564 4192 solutum
585 4111 626 4189 in
648 4129 741 4209 equa
756 4103 846 4183 forti
861 4106 913 4302 ὥ
918 4104 1189 4209 precipitatum
1212 4126 1301 4181 cum
1320 4098 1494 4275 oieotpnrp·

914 4217 932 4298 )
956 4227 981 4282 ²
1479 4243 1491 4259 ·

684 4366 690 4371 .
713 4366 735 4413 ι
924 4357 931 4372 .

682 4414 719 4443 f
