3472 4822
360 338 366 345 ’
455 311 755 467 'dogmaticae
771 326 830 439 ξδ’
842 339 1206 466 experimentalis
1401 330 1404 335 ’
1516 346 1592 486 29

234 543 263 624 §.
291 561 325 627 5.
348 531 525 634 Subjestis
549 535 671 631 itaque
695 531 890 632 particulas
910 539 979 610 NB.
1015 536 1124 632 Aqua‘
1140 533 1353 614 mobiliores
1371 539 1445 617 illas
1468 542 1585 620 conti·

152 634 313 710 uentibus
327 651 365 718 v
386 635 423 705 in
435 628 578 706 tantum
595 627 803 720 affunditur,
817 651 860 705 ut
873 633 966 706 intra
979 631 1091 723 hanc,
1109 630 1171 707 seu
1186 637 1310 735 potius
1326 638 1371 717 ab
1386 641 1472 732 hac,
1502 659 1585 717 tum

151 732 356 808 nobiliores
368 710 479 828 quam
492 749 527 813 v
542 746 622 801 tum
638 730 809 830 proxime
825 730 1104 822 immobiliores,
1120 736 1282 811 concreti
1289 737 1475 839 particulae
1485 760 1588 816 com,
1643 792 1650 800 .

151 832 284 906 moveri
300 846 448 927 queant,
467 827 569 925 quod
586 829 633 900 ita
654 828 847 929 contingit

234 942 263 1018 ς.
289 945 326 1000 a.
354 932 470 1025 Aqua,
485 944 546 1000 tan
600 947 658 998 am
669 930 816 1026 Corpus
828 927 923 999 inter
939 921 1052 999 fluida
1069 921 1312 1003 craffiffimum
1329 932 1373 1009 id
1383 933 1494 1012 habet
1507 954 1586 1014 tan*

150 1022 415 1124 quamformale
425 1025 545 1098 omnis
582 1024 750 1112 uiditatis‚
758 1022 993 1123 utparticuiae
1001 1024 1079 1120 ejus
1089 1027 1253 1099 minimae
1267 1023 1415 1131 singulae
1435 1033 1515 1110 adu
1530 1039 1583 1112 in·

151 1123 238 1198 tense
253 1143 485 1199 moveantur.
535 1122 619 1194 Hoc
643 1124 691 1224 ita
717 1145 764 1193 ue
788 1126 933 1223 Corpus
956 1124 1006 1215 (i.
1022 1146 1053 1194 e.
1075 1122 1189 1196 multa
1205 1123 1351 1202 millena
1373 1126 1484 1206 millia
1503 1157 1584 1208 cor·

139 1219 377 1323 -pusculomm
392 1220 471 1294 astu
484 1216 565 1292 satis
582 1147 719 1292 inteniqe
732 1226 941 1307 motorum)
957 1217 1156 1294 affunditur
1173 1225 1324 1312 corpori
1342 1227 1520 1304 constanti
1535 1251 1584 1310 ex

152 1319 326 1434 particulis
336 1316 503 1420 plmibus
516 1332 613 1391 certa
627 1341 674 1416 eu
688 1334 792 1419 parte
802 1317 1010 1409 mobilibus,
1028 1320 1178 1395 interim
1195 1317 1276 1394 astu
1283 1321 1342 1397 vel
1358 1347 1436 1400 non
1443 1327 1582 1404 intense

153 1438 266 1605 mm?
290 1539 325 1612 7.
354 1490 467 1588 Omni
481 1531 601 1587 autem
617 1509 731 1587 sensui
748 1513 925 1588 &rationi
942 1511 1227 1590 consentaneum
1240 1514 1301 1606 est,
1320 1519 1423 1618 quod
1436 1524 1585 1626 Corpus

155 1613 374 1688 astumotum
395 1613 615 1714 contingens
630 1610 783 1685 alterum
800 1609 948 1699 mobile,
964 1608 1027 1686 sed
1048 1612 1128 1687 astu
1146 1639 1222 1693 non
1236 1633 1395 1709 motum,
1411 1618 1496 1693 huic
1506 1639 1585 1697 tan.

156 1728 234 1803 mm,
251 1733 290 1785 ut
301 1712 514 1808 loquuntur,
534 1713 580 1783 de
595 1727 701 1783 motu
722 1708 773 1783 sui
789 1712 1052 1800 communicet,
1066 1715 1194 1809 quanti
1213 1711 1301 1786 iilud
1318 1717 1356 1788 in
1372 1723 1584 1818 proportio-

159 1833 196 1882 ne
205 1809 462 1911 magrutudinis
471 1807 541 1882 suae
549 1831 662 1909 capax
671 1806 722 1882 est
734 1813 855 1921 :Aqua
868 1811 988 1904 itaque
998 1809 1079 1884 astu
1087 1828 1187 1884 mota
1196 1813 1389 1912 particulas
1404 1820 1584 1916 corporis,

163 1931 234 2002 quas
250 1901 442 2007 contingit,
458 1902 522 1980 fibi
537 1927 776 1980 commovere
793 1907 932 2007 rncipit.
1030 1927 1035 1935 ·

240 2019 266 2096 s.
291 2021 324 2087 ε.
348 2009 444 2077 Cum
461 2020 583 2077 autem
606 2003 712 2105 supra
738 2023 822 2105 pag.
841 2013 874 2078 6.
894 2015 922 2094 ς.
944 2011 998 2077 16.
1020 2007 1282 2093 audiverimus,
1308 2008 1411 2105 quod
1427 2005 1586 2090 formale

164 2104 333 2177 biixtionis
348 2099 514 2175 consistat
532 2104 570 2175 in
588 2105 848 2189 continuitate,
863 2103 884 2174 i.
901 2123 933 2175 e.
949 2117 990 2172 ut
1006 2125 1127 2201 partes
1145 2100 1197 2176 iin
1226 2103 1293 2178 ulae
1310 2105 1472 2181 Mixtum
1493 2108 1586 2187 iflud

169 2199 410 2290 onffituentes,
431 2198 503 2271 boc
520 2198 572 2272 est
585 2202 688 2298 juxta
702 2197 735 2271 se
749 2196 875 2299 politae
885 2198 932 2270 ad
944 2197 1119 2288 amuffim,
1142 2225 1189 2274 ex
1198 2127 1277 2274 boc
1288 2197 1354 2274 situ
1369 2227 1446 2277 non
1463 2206 1581 2282 dimo·

171 2319 303 2386 reantur,
319 2322 396 2396 quo
411 2292 506 2370 fatto
519 2295 677 2370 solvatur
687 2295 935 2369 continuitas?
951 2295 1009 2366 Sic
1023 2297 1113 2369 dum
1129 2319 1197 2387 per
1205 2297 1276 2369 tale
1291 2320 1426 2399 corpus
1435 2320 1582 2380 motum

233 2396 441 2471 'ndisMixti
450 2391 1043 2484 mobilioribusmotusindueatur,
1056 2391 1328 2470 neceffarioillae
1343 2391 1456 2472 insitu
1465 2421 1581 2480 muta.

228 2511 290 2586 tor,
304 2494 339 2570 81
355 2496 404 2567 ita
414 2494 580 2566 continui
596 2489 735 2566 Solutio
752 2487 1012 2587 subsequetur„
1657 2566 1661 2573 ¹

243 2597 269 2689 i.
292 2621 325 2678 9.
352 2591 565 2690 Repetenda
573 2610 696 2664 tamen
716 2588 776 2662 bic
791 2590 926 2663 iterum
941 2584 1121 2663 distinstio
1141 2583 1388 2690 compositi&
1402 2596 1523 2691 Mixti,
1543 2596 1581 2675 ἃ

171 2690 219 2782 qui
235 2689 363 2764 horum
386 2686 569 2763 effentiam
592 2686 781 2785 sequitur,
803 2709 919 2759 nexus
942 2687 1212 2787 Principiorum
1237 2687 1427 2787 utriusque
1453 2694 1581 2772 admo.

172 2783 390 2877 dumvarians,
405 2790 444 2859 in
463 2788 588 2860 Mixtis
606 2809 742 2887 nempe
761 2781 990 2873 fortissimus,
1007 2785 1046 2856 in
1062 2782 1282 2876 Compositis
1298 2783 1409 2862 laxus.

241 2897 266 2978 i
297 2914 354 2962 ro.
380 2883 591 2958 Uberius&
612 2907 682 2985 pro
710 2881 881 2982 Subjei'to
900 2884 1209 2957 Fermentationis
1227 2879 1424 2959 formando
1451 2900 1580 2963 notan·

173 2979 245 3072 dum
271 3006 442 3084 quaenam
458 2986 623 3083 Corpora
635 3002 675 3074 v
689 2978 756 3056 sint
780 2978 996 3070 mobiliora,
1021 3004 1104 3078 quae
1120 2981 1292 3082 proxime
1311 2982 1578 3082 immobiliora3

169 3079 307 3156 Pn'orum
314 3078 483 3166 triasunt,
498 3103 536 3169 Α,
553 3089 602 3172 ῥ,
613 3078 769 3154 Oleum:
788 3077 1034 3181 posteriorum
1047 3079 1133 3169 duo,
1148 3079 1215 3170 Sai,
1236 3081 1258 3152 i.
1275 3104 1307 3153 e.
1323 3083 1441 3156 Terra
1456 3085 1578 3184 prima

188 3176 415 3255 redominans
429 3203 513 3252 cum
532 3175 640 3253 altera
651 3200 872 3276 quacunque
883 3180 997 3251 mixta
1014 3179 1052 3250 in
1064 3198 1189 3250 atomo
1206 3174 1269 3267 sui,
1284 3195 1348 3253 aut
1366 3200 1578 3260 atomorum

285 3279 725 3390 Aggrevatumprimum,
743 3272 1267 3363 autadsummumfecundum,
1283 3278 1305 3349 i.
1316 3300 1347 3350 e.
1366 3275 1508 3354 summe
1524 3296 1578 3356 to·

168 3395 219 3449 out
232 3340 472 3478 exponendis
488 3372 769 3449 individualibus
791 3373 934 3446 duobus
951 3391 1013 3447 aut
1025 3373 1145 3447 tribus
1161 3373 1364 3449 cohaerens.

238 3490 266 3570 ς.
291 3501 345 3550 11.
372 3478 608 3573 Quaecunque
630 3493 725 3572 ergo
746 3493 903 3570 corpora
918 3473 1109 3571 Pnncipiis
1129 3469 1258 3545 talibus
1275 3495 1323 3546 ex
1340 3488 1447 3568 parte
1460 3493 1522 3549 aut
1538 3477 1578 3553 in

165 3571 449 3662 tommconstant,
462 3574 526 3646 ie.
548 3570 740 3674 particulas
757 3588 778 3636 τ,
791 3591 822 3641 ae
836 3565 1046 3640 mobiliores
1068 3567 1114 3641 ἃ.
1151 3569 1293 3641 roxime
1310 3569 1578 3671 immobiliores

160 3670 278 3767 junius
291 3666 484 3773 possident,
503 3669 560 3743 illa
602 3670 779 3742 enuinum
795 3667 1102 3740 Fermentationis
1121 3593 1322 3765 bbjeuun
1345 3666 1580 3764 constituunt,

159 3773 307 3867 quamvis
323 3692 931 3881 groffisetiambrimmobilioribus
973 3765 1107 3841 artibus
1120 3762 1223 3839 fimul
1231 3763 1398 3859 scateant,
1412 3787 1488 3868 quo
1497 3768 1594 3873 ipso⁴

155 3869 310 3944 addicet
326 3867 718 3954 nniFermentationis,
735 3889 821 3938 nem
850 3866 921 3937 eD'
949 3861 1156 3938 olutionife
1185 3866 1340 3955 arativae,
1350 3863 1546 3966 subjacent

232 3965 829 4064 §.12.ModusFermentati0nisP
883 3890 1420 4062 fico-Mechanbt‘quensesttd
1450 3962 1576 4057 unser&

151 4085 274 4170 empus
283 4064 368 4140 astu
375 4082 533 4153 motum,
542 4058 899 4163 affunditurcorpori
907 4080 1029 4164 partes
1038 4061 1248 4137 mobiliores
1263 4061 1297 4136 a
1310 3990 1581 4140 immobiliores

145 4190 249 4268 quam
265 4190 284 4240 a
312 4187 358 4238 ua
367 4162 587 4261 continenti.¹
633 4163 748 4258 dquae
762 4183 854 4263 ergo
870 4160 1055 4262 particulae
1067 4176 1249 4263 perpetuo
1265 4175 1378 4235 motae
1385 4161 1580 4263 particulas

143 4189 386 4347 nobdiiflm
394 4257 1584 4467 connetianteaaiiuimmotlpsinmommsecurneorripiuntpuoap
