3472 4822
357 312 675 497 *dogmatica
693 310 752 421 δ’
768 311 1144 446 experimentalis,
1243 286 1254 295 ’
1419 340 1501 465 49
1624 382 1627 387 .

135 518 275 595 Sihacc
294 512 426 593 solutio
452 540 521 617 per
545 540 678 617 aquam
700 514 838 593 fortem
865 514 957 593 falla
981 518 1175 595 misceatur
1200 518 1287 595 cum
1310 514 1492 597 soludone

142 618 369 705 cornmunis,
395 611 558 697 similiter
581 618 825 719 praecipitatio
845 620 1019 717 quaedam
1038 619 1240 722 contingit,
1262 621 1305 693 in
1329 620 1493 721 pulveris

129 710 233 792 lioris
249 714 320 790 albi
337 710 468 804 forma,
493 720 558 815 qui
572 714 804 795 edulcoratus
821 716 856 791 a
871 716 1081 794 sublimatus
1094 719 1318 820 peculiarem
1331 719 1492 822 speciem

129 814 227 897 iurati
247 811 464 902 constituit,
489 814 537 891 ad
563 812 855 890 volatilisationes
880 815 1111 891 metallorum
1142 820 1181 892 in
1213 813 1334 893 forma
1366 818 1492 916 butyri

129 916 238 991 nonii
267 909 552 1007 inservientem,
578 916 624 990 de
655 936 730 1017 qua
757 914 925 991 videatur
955 913 1132 991 Becclrcri
1157 914 1325 992 rosetum
1351 916 1493 1021 chymi-

129 1068 394 1212 'Praecipitatur
410 1133 565 1282 quoque
577 1106 709 1184 satiatio
724 1109 900 1186 Mercruii
916 1107 1096 1187 sublimati
1204 1113 1310 1189 calcia
1323 1114 1416 1191 vivae
1426 1114 1491 1195 ad·
1566 1144 1569 1149 ·

129 1232 246 1297 mem,
262 1210 362 1285 utrae
383 1232 428 1282 co
443 1233 508 1283 ore
524 1206 725 1283 virescente
745 1211 843 1284 cadit
860 1232 872 1303 3
896 1210 1022 1309 plures
1038 1207 1117 1287 fimi
1185 1213 1495 1317 praecipitationes

129 1326 240 1383 antur
255 1310 294 1382 in
315 1305 580 1408 dispensatione
597 1306 882 1384 Schroederiana.
1118 1334 1122 1347 ·

129 1416 162 1501 l.
191 1432 250 1484 aa.
274 1412 484 1505 Antequam
507 1412 529 1480 a
552 1406 706 1482 metallis
728 1424 953 1482 transeamus
982 1409 1029 1482 ad
1050 1404 1135 1481 alias
1157 1390 1302 1499 calces,
1325 1426 1491 1484 meretur

129 1528 162 1585 u:
184 1502 367 1578 recenseri
390 1503 530 1606 species
554 1504 661 1580 calcis
680 1506 822 1595 solaris,
876 1527 962 1579 uam
987 1527 1140 1580 crocum
1154 1505 1232 1581 auri
1284 1506 1489 1610 mpureum

129 1599 245 1679 tferus
271 1604 439 1679 nominat
462 1602 690 1679 &describit
713 1606 831 1689 Man'
859 1628 889 1678 ae
914 1603 1126 1705 Spagyricae
1151 1608 1189 1679 P.
1205 1609 1232 1679 l.
1298 1629 1335 1706 p.
1353 1611 1380 1681 l.
1404 1628 1492 1707 pag.

175 1701 387 1804 Recipiatur
402 1703 479 1777 auri
492 1727 563 1817 per
575 1704 824 1781 antimonium
836 1697 981 1778 relinati
1003 1703 1038 1778 lit
1054 1700 1230 1779 subtiliter
1244 1703 1405 1779 laminati
1420 1706 1491 1807 pj.

149 1800 300 1902 optime
324 1798 531 1911 purificata,
562 1800 641 1878 salic
664 1802 875 1879 communis
899 1799 957 1875 vel
983 1824 1145 1904 gemmae
1170 1823 1237 1875 ana
1286 1803 1394 1903 ‚xvi
1421 1804 1493 1879 alu·

129 1922 150 1975 s
177 1900 283 1975 crudi
308 1928 345 2002 p.
361 1923 398 1976 tc
449 1899 558 1981 Recte
584 1917 709 1976 tamen
732 1902 814 1975 baec
837 1904 1036 2013 proportio
1055 1897 1178 1973 salium
1200 1829 1313 1975 hodie
1338 1905 1386 1977 ita
1412 1926 1492 1977 cor·

129 2022 187 2089 ur,
216 2012 259 2073 ut
274 1997 438 2114 capiatur
453 2021 520 2074 ana
542 2000 726 2075 omnium.
774 1996 866 2074 Salia
889 1997 970 2070 baec
990 1993 1099 2072 affirsa
1118 2019 1223 2096 aquae
1236 1994 1408 2101 simplicis
1422 1997 1492 2075 suf-

129 2096 181 2175 uti
194 2115 396 2196 quantitate
411 2098 451 2171 in
471 2097 660 2174 cucurbita
675 2120 866 2173 cumauro
889 2116 936 2167 co
965 2113 1097 2173 uantur
1117 2097 1156 2169 in
1172 2118 1281 2171 arena
1296 2099 1492 2175 moderato

153 2194 237 2287 adu,
268 2220 385 2296 usque
420 2196 466 2271 ad
490 2194 711 2271 solutionem
734 2197 811 2269 auri
839 2194 874 2269 ἃ
901 2119 1024 2295 ipsam,
1042 2191 1167 2268 sarlium
1191 2191 1492 2287 exsiccationem

129 2294 255 2383 udatur
267 2295 392 2369 denuo
412 2318 506 2392 aqua
523 2291 696 2395 simplex,
748 2310 903 2368 uantum
918 2286 1049 2367 sufficit
1064 2293 1109 2367 ad
1122 2289 1361 2384 solutionem,
1385 2292 1493 2369 filtre-

129 2390 280 2491 liquor,
310 2392 403 2467 &ei
435 2392 609 2494 guttatim
637 2390 729 2467 insti!
766 2410 828 2467 tur
867 2389 993 2464 oleum
1024 2391 1152 2465 tartari
1227 2417 1246 2467 r
1278 2390 1493 2491 deliquium,

129 2514 170 2567 ee
188 2514 267 2565 uon
287 2490 637 2593 amplius'colorem
663 2506 814 2578 mutet;
839 2503 1044 2591 reponatur
1064 2512 1127 2565 vas
1150 2512 1170 2564 a
1213 2493 1388 2591 quietem,
1412 2490 1492 2568 sub-

129 2588 177 2665 bit
200 2613 333 2667 crocus
356 2646 366 2680 ,
391 2595 413 2664 a
439 2615 517 2689 quo
548 2590 671 2689 liquor
707 2587 944 2691 supernatans
1080 2588 1377 2665 decantationem
1403 2587 1493 2665 effit-

129 2686 344 2771 &nonnihil
366 2712 433 2763 eva
486 2710 585 2765 ratus
610 2689 733 2763 denuo
749 2702 911 2763 tentetur
926 2688 964 2762 in
979 2683 1146 2790 perlione
1165 2686 1312 2791 spiritus
1327 2685 1496 2780 urinae,st

129 2786 282 2877 eadbuc
306 2785 417 2889 aliqui
462 2792 538 2865 auri
551 2791 591 2864 in
614 2786 693 2891 ipso
712 2786 883 2868 haereat·
908 2785 1031 2861 Pulvis
1053 2785 1111 2861 ille
1131 2787 1376 2877 edtdcoretut,
1390 2787 1494 2863 deni·

131 2882 348 2973 ¹exsiccetur,
375 2886 471 2962 &in
487 2911 598 2991 parva
611 2889 813 2986 quantitate
833 2883 1037 2988 probetur,
1063 2906 1111 2960 an
1132 2880 1320 2978 fulminet,
1342 2909 1411 2961 nec
1427 2907 1495 2982 ne;

129 2980 235 3089 dp'ro
254 2985 427 3056 varietate
446 2985 629 3077 aluminis,
659 2987 775 3061 nimio
806 2982 937 3086 spiritu
956 2980 1105 3058 urinoso
1131 2982 1320 3083 interdum
1343 2999 1494 3087 turgen-

129 3084 246 3159 hodo
262 3076 303 3153 fit
317 3079 433 3152 modo
447 3104 525 3154 non
543 3079 611 3166 fit,
635 3079 661 3156 st
680 3107 772 3156 vero
784 3106 870 3157 eum
895 3080 963 3157 sale
989 3085 1198 3174 communi,
1224 3082 1284 3158 vel
1307 3082 1392 3159 loco
1417 3085 1496 3185 ejus

129 3176 172 3257 lo
205 3179 323 3271 aliqua
338 3174 415 3254 salis
434 3177 640 3259 armeniaci
661 3182 783 3253 addita
796 3175 848 3266 stt,
865 3176 1011 3279 semper
1025 3178 1091 3269 lit,
1115 3178 1181 3255 nist
1205 3181 1315 3256 nimis
1339 3184 1410 3257 cita
1434 3195 1496 3254 aut

129 3270 162 3357 ln
178 3275 355 3354 allusione
373 3274 445 3351 olei
458 3275 582 3349 tartari
597 3297 667 3375 per
680 3274 886 3372 deliquium
900 3273 1096 3365 aboleatur,
1112 3294 1154 3350 ut
1168 3274 1275 3377 supra
1300 3287 1402 3379 (pag.
1415 3280 1497 3372 46.)

134 3376 285 3457 dietum
297 3364 310 3463 Ξ
324 3372 349 3451 st
361 3399 439 3450 non
455 3370 636 3461 fulminet,
650 3388 727 3448 tota
744 3368 1045 3473 quantitas‘lento
1061 3374 1148 3472 igne
1168 3398 1238 3475 per
1251 3376 1495 3478 quadrantem

129 3492 154 3555 e
190 3475 406 3566 calcinettu·,
430 3475 502 3549 erit
529 3494 662 3553 crocus
687 3469 860 3575 pulcher,
886 3467 1058 3573 adspeilu
1081 3495 1274 3573 purpureo
1296 3516 1312 3535 ·
1339 3470 1494 3551 violacei

129 3594 249 3749 ssalis
274 3669 406 3747 coloris
438 3691 592 3746 crocum
621 3663 686 3744 fibi
711 3687 864 3766 quoque
897 3667 1052 3747 evcnill'e
1084 3663 1249 3742 recenset
1270 3670 1399 3743 Autor.
1423 3668 1491 3745 Tr.

139 3767 221 3851 sanc
250 3767 368 3859 veste,
398 3793 446 3846 ex
476 3767 768 3870 praeditatione
805 3764 993 3843 solutionis
1032 3766 1110 3842 auri
1150 3788 1237 3840 cum
1274 3766 1374 3841 nitro
1407 3760 1494 3854 fixo,
1574 3838 1577 3842 ,
1661 3832 1665 3836 .

145 3868 269 3984 aliqua
301 3869 491 3945 memoria
523 3866 569 3981 ha
595 3865 754 3941 ucinatio
786 3862 935 3981 subest,
962 3866 1066 3976 quod
1097 3886 1235 3981 nempe}
1263 3867 1382 3942 Autot·
1409 3882 1493 3940 tum

129 3990 235 4145 pone
260 3989 347 4043 cum
371 3987 463 4070 aqua
488 3987 604 4071 rego,
628 3962 691 4043 sed
708 3962 811 4085 *hanc
835 3984 947 4045 ettam
971 3965 1104 4043 lallam
1127 3961 1371 4058 solutionem,
1393 3986 1493 4113 recc-

129 4262 260 4346 aran,
817 4348 822 4357 ι
854 4276 884 4361 g
1384 4260 1497 4404 §.tp
