3472 4822
466 60 575 71 προ-
601 58 612 65 “·

202 452 213 469 ,
295 450 299 455 Ι
423 304 675 445 dogmatice
689 306 748 416 δ’
767 284 1141 443 experimeieatis.
1402 298 1478 448 67
1514 238 1518 249 Ι

129 504 251 607 .cujus'
290 501 445 609 rincipia
457 500 555 598 sunt,
580 502 702 587 ntrsua
716 501 975 597 concrescere,
1002 502 1087 622 ipsas
1112 500 1213 581 desrt.
1264 505 1474 610 Composita

135 602 247 779 paulo
321 605 376 710 ius
391 602 589 698 cohaerent,
617 602 825 719 &proinde
839 606 950 682 variis
964 602 1282 697 vicissitudinibus,
1306 628 1387 683 tum
1412 630 1474 685 na-

129 704 144 818 i·
161 718 296 874 uatusm
322 696 587 816 artificialibus,
609 700 811 811 subjacent,
835 701 1037 780 secundum
1056 699 1293 782 dissolutionis
1316 706 1351 783 dr
1373 730 1474 789 com:

129 825 230 876 :ronrs
285 824 393 879 ecies.

129 911 154 991 5.
177 924 212 997 4.
238 825 331 975 Ssant
347 920 437 974 vcro
462 894 684 985 nominatim
709 899 824 975 mixta
850 898 885 975 dr
910 900 1073 975 tenacius
1097 900 1318 977 cohaerentia
1343 925 1475 1004 corpo·

129 1004 312 1074 'aterranea
327 997 522 1103 pleraque,
543 992 684 1097 septem
704 996 872 1089 metalla,
890 995 1080 1102 lapides&
1125 1023 1268 1091 emmor,
1281 998 1361 1077 salia
1381 996 1475 1078 solsa-

129 1093 326 1213 rsenicum‚
350 1093 512 1203 sulphur,
534 1093 784 1191 bisrnuthurn,
808 1096 980 1188 zincum,
1009 1024 1174 1203 segusina
1200 1099 1326 1202 portio
1352 1102 1391 1175 in
1416 1122 1475 1175 an·

129 1218 199 1270 nro.

129 1300 166 1371 ln
185 1288 399 1367 animalibus
412 1290 447 1365 dr
460 1287 725 1393 vegetabilibus
738 1314 840 1370 mera
853 1288 1074 1397 compositio
1090 1293 1262 1383 occurrit,
1274 1289 1300 1368 sr
1312 1295 1473 1397 integras

129 1416 165 1467 rn
181 1403 304 1507 partes
317 1386 542 1491 spcstemus‚
566 1404 648 1463 tum
668 1392 873 1493 generatim
890 1390 1108 1497 vegetabilia
1131 1390 1297 1468 constant
1316 1417 1363 1469 ex
1377 1382 1474 1470 t'erra

128 1485 214 1581 iorr,
239 1486 407 1577 sabulosa,
428 1488 531 1563 tenui
547 1483 672 1579 salina,
694 1486 863 1567 salsedine
879 1491 1032 1584 nitrosa,
1056 1494 1193 1592 partim
1220 1515 1371 1591 quoquc
1395 1492 1473 1570 salis

129 1588 241 1665 nunis
258 1584 399 1674 nebula,
419 1581 602 1664 oleosrtate
616 1583 796 1689 grossiori,
812 1588 1042 1681 bituminosa,
1064 1591 1216 1666 &tenui
1232 1589 1405 1682 aetherea,
1437 1591 1474 1666 dr

129 1710 190 1787 que
205 1682 342 1785 aquoso
359 1682 583 1789 phlegmate.

129 1782 306 1861 Animalia
321 1806 413 1859 vero
436 1797 594 1861 exterra
607 1784 780 1863 macra&
802 1778 891 1859 srcca
910 1783 1078 1877 calcaria,
1105 1786 1208 1861 tenui
1231 1808 1382 1883 quoque
1409 1782 1475 1863 alia

129 1881 318 1971 rsosalina,
341 1878 526 1959 oleosrtate
548 1879 660 1981 spissa,
677 1879 846 1959 salsedine
861 1883 939 1959 l'alis
954 1883 1165 1959 communis
1181 1884 1308 1973 mltar,
1323 1884 1357 1958 dr
1374 1884 1476 1961 denia

129 1962 365 2087 phssgmatica
385 1974 595 2079 aquositate.
664 2042 670 2069 .,

129 2080 310 2157 Mincralis
328 2101 420 2154 vero
433 2079 545 2181 regni
558 2072 771 2180 composita,
797 2096 933 2178 praeter
955 2076 1072 2154 varias
1091 2075 1115 2152 s
1134 2079 1230 2153 ecies
1243 2078 1475 2156 mineralium

129 2176 318 2271 llicorum,
348 2177 431 2253 sunt
463 2174 674 2266 cobaltum,
700 2176 976 2268 antimonium,
1011 2103 1240 2266 cinnazaris,
1272 2176 1473 2269 vitriolum,

128 2301 202 2453 :¹¹³st
227 2278 393 2370 nitrum,
420 2273 467 2352 sal
492 2296 680 2381 gemmae,
718 2298 856 2381 nempe
885 2273 966 2353 salia
992 2273 1074 2352 haec
1105 2274 1145 2350 in
1178 2271 1300 2352 forma
1323 2272 1413 2415 s¹⁶0⁶²
1437 2278 1474 2353 dr

173 2400 243 2454 rna.
550 2402 554 2411 ·

129 2472 331 2554 amficulia
370 2496 420 2550 uo
447 2493 495 2547 ue
515 2466 730 2571 composrta,
746 2473 841 2565 licet,
856 2469 1022 2548 severum
1035 2464 1334 2563 saterivolumus,
1349 2472 1475 2548 omnia

129 2571 204 2651 rlita
224 2573 303 2651 salia
325 2498 407 2648 taliis
421 2496 515 2660 tsint,
542 2569 626 2646 sunt
648 2569 855 2648 Mercurius
886 2567 1098 2646 sublimatus
1119 2564 1323 2669 simplex&
1350 2570 1477 2662 dulcis,

129 2673 278 2791 ipitatus
301 2696 387 2751 cum
405 2668 550 2761 salibus,
581 2667 809 2771 coagulatus,
830 2671 931 2746 varia
947 2667 1202 2770 amalgamata,
1224 2668 1321 2744 varia
1342 2667 1476 2747 elestra

129 2788 281 2853 arxturae
304 2768 509 2858 metallicae,
533 2769 711 2867 butyrum
738 2768 948 2855 antimonii,
969 2766 1172 2842 cinnabaris
1197 2765 1406 2858 artificialis,
1425 2763 1474 2842 sal

129 2871 320 2958 oniacum,
339 2870 449 2946 variae
464 2865 661 2946 solutiones
673 2866 792 2948 salinae
807 2869 846 2945 in
862 2862 983 2943 sorma
1003 2864 1143 2965 liquida
1157 2862 1192 2938 dr
1207 2860 1296 2942 srcca
1309 2864 1373 2941 sub
1395 2886 1475 2962 cry-

129 2992 214 3044 rum
231 2968 267 3041 8ι
286 2966 521 3043 vitriolorum
538 2968 665 3056 titulo,
686 2968 886 3046 solutiones
902 2962 1125 3068 lirlphurcae,
1140 2959 1201 3037 seu
1217 2963 1385 3055 essentiae,
1404 2960 1474 3066 spi·

133 3068 289 3162 &aquae
307 3058 531 3163 composttae.

129 3165 181 3241 ad
197 3166 401 3237 mixtorum
415 3180 506 3231 vero
551 3178 660 3231 encra
675 3162 832 3259 propius
850 3162 1029 3234 accedunt
1043 3158 1237 3237 artificialia
1254 3175 1473 3262 praeparata:

129 3263 297 3367 ,spiritus
310 3260 488 3346 ardentes,
505 3182 585 3331 {gia
600 3253 771 3342 volatilia,
786 3255 868 3331 salia
880 3254 927 3331 lic
938 3254 1035 3331 areta
1045 3262 1163 3351 enixa,
1177 3278 1332 3335 tartarus
1349 3257 1475 3331 vitrio·

149 3383 324 3436 arcanum
340 3356 569 3459 duplicatum
587 3348 798 3450 Mynsrchti.

129 3459 252 3560 Qales
273 3462 312 3534 in
334 3458 391 3532 his
408 3451 556 3557 singulis
573 3450 814 3528 resolutiones
832 3448 961 3554 peragi
984 3445 1136 3553 polsrnt,
1158 3443 1348 3526 successive
1371 3450 1472 3526 vide·

129 3578 149 3633 s
1462 3578 1465 3584 .

129 3614 160 3752 l..
178 3683 209 3751 5.
243 3655 352 3755 Qod
368 3670 493 3729 tamen
510 3669 707 3747 antequam
720 3644 992 3751 aggrediamur,
1005 3643 1043 3720 su
1073 3644 1167 3722 erest
1185 3642 1305 3720 adhuc
1322 3647 1370 3722 de
1386 3670 1472 3722 con·

136 3754 307 3853 quasdam
329 3752 470 3842 dicere,
486 3774 567 3850 quae
591 3748 637 3827 ad
660 3742 952 3849 compositorum
969 3745 1001 3820 cl
1048 3770 1120 3840 em,
1142 3764 1318 3843 tanquam
1342 3746 1475 3821 turnul-

129 3866 351 3938 aconcreta,
374 3850 399 3923 s
416 3848 552 3947 estant,
575 3872 611 3923 v.
629 3870 666 3950 g.
682 3844 830 3951 spiritus
844 3841 1106 3948 phlegmatici,
1155 3842 1299 3919 ulveres
1313 3842 1475 3920 confusa·

129 3950 275 4026 nallulae
291 3965 369 4046 met
415 3948 480 4022 icae
493 3944 648 4022 fortuito
670 3942 840 4037 consusae,
860 3942 928 4018 &a
979 3946 1069 4019 llaec
1092 3872 1158 4024 sug
1174 3940 1387 4048 compositis
1404 3962 1476 4017 una

129 4072 235 4140 arnus,
255 4048 341 4147 quia
357 4046 581 4150 peculiarem
597 4042 745 4120 titulum
757 4067 835 4121 non
853 4058 1053 4117 merentur.

129 4144 340 4253 Composita
362 4168 455 4222 vero
480 4141 556 4245 ipsa
580 4140 829 4221 conllantvel
849 4164 898 4221 ex
930 4138 1077 4219 duobus
1095 4137 1326 4229 volatilibus,
1351 4134 1411 4215 vel
1429 4158 1477 4215 ex

771 4240 826 4319 ia
981 4282 985 4291 ·
1398 4231 1475 4317 fixo
