3472 4822
319 290 642 429 dogmatirae&
652 297 1022 428 experimentali.
1322 322 1398 441 97

129 486 227 564 blius
242 512 373 567 manus
392 492 514 573 calore
537 495 635 570 vitro
679 520 720 571 er
736 498 875 598 aliquot
892 498 1001 576 horas
1017 494 1211 601 suppositae
1223 498 1269 585 ¹in
1283 492 1396 591 altilli·

129 588 185 662 las
208 587 345 665 sursum
361 591 518 691 pellatur
537 613 579 667 ac
594 522 817 672 sublimetur.

129 689 201 785 guis
215 712 305 761 vcro
321 689 513 780 humanus,
540 709 620 765 turn
635 696 745 769 etiam
763 694 917 771 aliorum
932 692 1162 781 animalium,
1180 691 1295 782 hirci,
1318 716 1395 766 ccr-

129 788 196 859 iter
224 786 478 861 violentillime
497 788 716 891 spumescit:
741 796 840 867 unde
855 797 899 870 ab
922 792 1100 893 aliquibus
1123 792 1244 865 eidem
1267 788 1395 865 admis-

129 884 268 957 toleum
299 885 496 975 olivarum,
524 889 627 986 quod
652 914 737 965 cum
754 889 921 968 calefaela
942 890 1094 967 materia
1116 886 1395 963 calefastumae·

129 984 207 1056 ullis
222 983 360 1085 spumae
376 985 554 1059 inclulirm
572 986 609 1061 a
629 989 675 1062 ad
697 988 884 1092 superiora
896 992 1114 1067 tendentem
1129 984 1324 1061 violentius
1341 1008 1393 1061 ra·

129 1079 285 1180 ¹mulque
329 1084 493 1157 articulas
517 1106 668 1181 aqueas,
688 1089 799 1187 quaei
829 1089 907 1163 sum
924 1084 1145 1165 incluserunt
1196 1081 1392 1159 uasrforni·

129 1183 205 1265 mit,
225 1198 266 1254 ut
282 1110 452 1257 illabullae
463 1205 545 1255 mm
576 1202 691 1258 antur.
740 1192 786 1260 Se
828 1110 1391 1284 auuomnibushisspumescen-

129 1278 438 1450 ροτίὶὲᾳεῖνεῑοιτιε
461 1208 633 1357 tabulatu
651 1287 819 1385 apprime
845 1304 939 1388 aptae
959 1286 1042 1362 sunt
1062 1290 1124 1381 (ut
1139 1278 1246 1419 Qpra
1259 1303 1345 1385 pag.
1353 1289 1388 1359 6.

242 1394 270 1450 it
292 1402 366 1453 um.

129 1388 373 1551 ‚billeferemus
397 1472 472 1548 huc
497 1474 569 1551 olei
593 1476 903 1593 philosophorum
931 1474 992 1552 seu
1015 1476 1158 1552 laterini
1184 1474 1389 1553 destillatio-

146 1574 249 1647 modi
266 1574 301 1647 a
316 1575 478 1649 materiae
507 1571 730 1653 affinitatem.
780 1578 914 1655 Oleum
931 1576 1113 1651 olivarum
1129 1578 1167 1650 in
1190 1573 1271 1651 vase
1295 1571 1386 1676 figu-

129 1694 154 1743 e
171 1670 303 1762 calefit,
326 1668 473 1753 seorlim
486 1667 692 1777 fragmenta
710 1677 882 1767 laterum,
908 1672 1049 1750 orificio
1065 1690 1215 1749 retortae
1237 1670 1386 1774 respon·

129 1768 349 1861 audebunt,
373 1772 408 1845 ἃ
437 1768 493 1844 illa
525 1776 717 1850 candentia
746 1778 784 1849 in
814 1774 913 1850 olem
947 1770 1139 1849 succellrvc
1164 1772 1387 1870 injic'mntur,

137 1872 210 1943 cito
224 1868 344 1944 rursus
358 1869 573 1971 tegendum,
590 1896 636 1945 ne
653 1870 842 1946 flammam
857 1872 964 1945 conci
993 1872 1066 1958 iat;
1091 1867 1298 1971 fragmenta
1306 1870 1388 1943 baec

129 1967 216 2041 ibito
236 1966 387 2042 saturata
411 1969 450 2040 in
467 1983 642 2043 retortam
659 1970 928 2058 immittuntur,
1000 1970 1088 2070 igne
1102 1968 1215 2054 nudo,
1230 1958 1384 2055 sedle'ni,

131 2068 345 2179 peragitur,
361 2089 438 2166 quo
452 2064 577 2141 oleum
591 2066 697 2143 valde
710 2066 856 2158 subtile,
876 2066 1041 2165 &aliqua
1054 2062 1179 2167 portio
1195 2064 1386 2169 phlegma·

129 2183 167 2239 rt
705 2214 708 2219 -

129 2262 198 2336 lern
213 2261 468 2337 trallationem
491 2263 653 2339 admittit
674 2262 786 2340 etiam
807 2264 932 2340 oleum

129 2378 235 2436 terrae
254 2384 301 2436 cx
317 2359 397 2463 ipso
415 2356 594 2437 faciendo.
644 2361 779 2440 Oleum
790 2386 943 2465 quoque

129 2485 176 2534 m.
192 2456 333 2557 Phystc.
351 2458 502 2536 subterr.
521 2459 708 2537 Beccheri,
1123 2537 1127 2544 .

129 2577 224 2632 etero
246 2560 373 2657 paucis
397 2559 515 2634 notari
537 2558 677 2675 potest,
700 2561 804 2659 quod
830 2558 956 2634 omnia
978 2559 1132 2635 omnino
1153 2551 1382 2657 vegetabilia,

129 2680 140 2729 1
156 2656 213 2730 vel
228 2654 327 2748 licea,
353 2657 413 2732 tali
429 2653 493 2731 lim
521 2659 581 2733 lici
602 2657 851 2761 applicatione
867 2659 965 2761 ignis
976 2658 1067 2732 nudi
1081 2653 1230 2731 trallata
1244 2668 1380 2754 praeter

130 2757 167 2828 in
183 2756 361 2831 viridibus
375 2781 420 2830 co
450 2683 586 2849 iulium,
607 2760 646 2832 in
663 2754 764 2833 siccis
779 2779 959 2859 paucum,
979 2754 1163 2830 acidulum
1177 2753 1300 2827 oleum
1313 2748 1384 2824 tale

129 2854 296 2927 uiaticum
311 2783 508 2932 &malum
524 2856 721 2958 praebeant,
743 2878 821 2931 non
835 2854 926 2929 nihil
939 2870 1064 2929 tamen
1075 2855 1235 2927 varimte
1252 2849 1381 2935 odore,

129 2950 189 3022 'um
204 2953 431 3057 vegetabile,
456 2976 592 3052 praeter
610 2955 716 3030 hasce
744 2954 878 3059 groffas
893 2949 1064 3029 rellnolas
1080 2966 1203 3053 partes
1217 2946 1299 3050 plus
1314 2946 1381 3021 mi·

129 3048 227 3121 nicae
245 3046 439 3121 oleolrtatis
453 3047 619 3147 pollidet.

129 3175 144 3219 l.
172 3151 362 3234 Aromata,
388 3146 678 3233 cinnamomum,
703 3146 942 3247 caryophylli,
958 3154 1077 3251 piper,
1104 3143 1383 3223 destillationem

129 3245 269 3333 meunt,
282 3263 324 3318 ut
339 3244 374 3317 &
388 3244 511 3331 macis,
529 3242 652 3342 &ipsa
667 3265 742 3315 nux
755 3242 950 3317 moschata.

130 3366 318 3417 amomum
335 3344 380 3417 ad
390 3342 464 3457 [bij.
479 3338 538 3413 vel
551 3337 715 3443 ijlgrollo
731 3341 845 3414 modo
861 3336 1099 3426 confrastum,
1112 3339 1171 3413 vel
1180 3336 1379 3413 solitarium

144 3444 269 3529 vitrea,
292 3440 421 3516 &haec
435 3465 473 3513 m
491 3441 603 3514 Maris
619 3437 750 3513 balneo
765 3439 936 3539 ponitur,
957 3434 1003 3523 u,
1020 3437 1221 3537 recipiente
1234 3454 1380 3539 praepo·

129 3566 155 3613 n
171 3540 275 3615 austu
293 3539 411 3615 calore
426 3536 615 3613 destillatio
628 3532 827 3640 perficitur,
842 3560 916 3636 qua
959 3556 1090 3609 aucum
1103 3534 1227 3607 oleum
1237 3532 1380 3617 tranl1t;

130 3640 214 3712 litur
231 3641 469 3713 cinnamomo
485 3636 603 3735 aliqua
617 3636 799 3736 quantitas
812 3560 1061 3710 viniRllcnani
1077 3634 1134 3706 vel
1148 3628 1271 3706 similis
1286 3630 1376 3703 odo·

145 3736 382 3811 destillatione
392 3736 535 3837 spiritus
558 3736 637 3832 ejus
655 3733 810 3832 aliquam
820 3735 1035 3837 portionem
1049 3729 1120 3805 olei
1136 3729 1374 3816 cinnamomi,

129 3859 230 3923 uam,
247 3835 409 3923 imbibit,
428 3835 612 3934 reliquum
638 3833 762 3908 eidem
780 3826 917 3932 partim
937 3832 1162 3929 supernatat,
1179 3827 1316 4003 partim
1340 3828 1380 3900 in

132 3930 269 4045 blidet:
292 3932 436 4046 spiritus
453 3931 595 4046 aboleo
617 3931 800 4037 separatus
815 3926 962 4007 seorsim
978 3926 1171 4003 allervatur
1198 3926 1247 4003 ub
1260 3926 1377 3999 nomi·

129 4054 343 4105 :mnamonn
369 4054 455 4105 cum
470 4054 571 4104 vino.

142 4128 273 4203 ultimo
294 4130 409 4203 modo
437 4128 636 4202 commode
664 4127 775 4201 etiam
798 4122 1021 4201 destillantur
1046 4120 1287 4235 caryophylli,
1311 4119 1377 4215 qui

130 4252 148 4302 s
172 4225 242 4301 olei
257 4228 860 4331 praebentquamcinnamomum3
883 4222 983 4297 unde
996 4219 1184 4299 destillatio
1211 4215 1380 4390 rpsotpppp

646 4349 649 4355 ·
772 4346 800 4398 n
1193 4340 1198 4347 ·
1265 4338 1286 4389 e
