3502 4822
166 294 277 385 100
343 254 349 265 ’
633 254 934 365 Fundamenta
950 254 1125 388 (symiae

164 462 392 568 metallurgis
413 464 479 550 bus
496 458 627 635 &spen
646 458 865 637 appellatur,
891 454 991 537 surni
1011 483 1083 563 pro
1098 454 1174 536 hoe
1195 462 1358 565 negotio
1384 462 1591 569 &usbon

166 591 327 667 quorum
344 562 535 639 destinatio
597 557 679 636 usus
708 582 847 660 equens
862 557 925 634 est.

256 670 380 738 Strues
407 660 595 763 lignorum
611 661 650 733 in
670 656 798 735 infimo
817 654 976 733 fornacis
1002 654 1172 761 ponitur,
1194 658 1255 732 cui
1273 656 1592 737 instemuntussru·

166 762 218 839 ssa
235 767 414 837 Saxorum
431 756 661 835 mineralium
681 755 873 855 complura
890 754 936 831 ad
958 750 1117 855 aliquam
1131 754 1391 849 altitudinem,
1415 756 1475 835 his
1496 760 1594 835 denuo

161 860 342 963 quantitas
360 859 383 932 li
413 858 451 931 ni
466 856 688 959 imponitur,
711 855 847 931 &huic
865 853 962 944 saxa,
989 852 1242 931 continuando
1295 858 1596 935 uamdiumattrit

167 958 277 1047 adest,
302 880 506 1033 versurus
528 954 627 1053 capit
649 981 658 1027 t
683 971 772 1029 tunc
787 948 942 1027 accensis
967 948 1102 1029 infimis
1122 950 1233 1055 lignis
1258 880 1423 1033 ssamma
1447 980 1531 1032 cum
1549 960 1595 1033 su
1629 949 1632 962 '

163 1081 254 1175 petu
270 1082 339 1157 per
352 1054 586 1131 ,altitudinem
604 1048 703 1128 fur'ni
721 1050 907 1141 scandens,
924 1047 1063 1149 reliqua
1079 1054 1190 1127 etiam
1206 1050 1311 1155 ligna
1327 1053 1595 1132 accendendos

163 1152 377 1257 interposita
402 1150 484 1228 saxa
501 1152 730 1252 penetrando
745 1151 825 1225 haec
841 1147 1006 1247 undique
1020 1144 1248 1239 candefacit,
1274 1176 1356 1251 qua
1369 1150 1597 1231 candescnr'u

162 1252 307 1357 fugacia
324 1252 381 1329 illa
398 1246 582 1327 mineralia
602 1252 737 1354 partim
759 1244 1006 1349 conflagrant,
1032 1251 1166 1348 partim
1188 1248 1403 1349 abiguntur
1422 1256 1463 1329 in
1477 1276 1519 1327 sa
1574 1254 1580 1267 '

161 1350 295 1428 forma.
346 1355 501 1425 Erremta
515 1346 613 1439 saxa,
639 1343 838 1421 srsabulosia
857 1342 1012 1433 fuerint,
1039 1344 1162 1447 perse
1181 1336 1270 1422 resti
1294 1348 1431 1445 erata,
1457 1348 1518 1427 sas
1532 1352 1595 1441 ieet,

159 1454 331 1549 (erutspi¹
351 1466 361 1533 )
383 1471 475 1546 aqua
491 1444 599 1543 sirper
618 1444 762 1521 industa
777 1443 1075 1520 crudescentibus
1093 1442 1184 1519 saxis
1203 1372 1404 1539 exssnssa,
1432 1451 1473 1525 in
1488 1450 1596 1527 moseo

159 1550 257 1625 dinis
283 1468 426 1622 tusoriis
448 1538 764 1643 (moossstsssen)
786 1542 1108 1632 comminuuntur,
1136 1544 1459 1646 &pulverulenta
1472 1543 1598 1627 sabulos

160 1644 242 1723 huc
255 1646 405 1718 materia
420 1642 574 1729 madido,
589 1666 635 1714 ne
645 1642 737 1715 adeo
755 1641 1015 1742 pulveretenus
1025 1636 1193 1731 dislsctur,
1209 1645 1345 1719 denuo
1363 1656 1497 1735 uritur,
1509 1650 1596 1732 utils.

162 1745 267 1843 quod
282 1762 385 1817 antea
402 1742 448 1815 dc
466 1737 657 1814 substantia
676 1737 813 1813 volatili
828 1740 867 1813 in
894 1734 1085 1841 profundo
1100 1737 1272 1817 saxorum
1289 1740 1473 1837 haeserat,
1489 1745 1593 1845 jana

192 1841 317 1915 ulvere
332 1840 445 1915 libere
459 1836 531 1912 sese
549 1838 725 1937 expedire
742 1860 863 1936 queat.
912 1837 986 1914 Ubi
999 1838 1073 1936 jam
1088 1836 1232 1913 fumare
1256 1840 1395 1933 desiit,
1413 1840 1594 1919 starsenitt·

161 1868 238 2018 sem
256 1956 318 2015 aut
334 1934 609 2013 antimonialem
616 1936 808 2011 materiam
816 1934 1163 2025 admixtamhabuit,
1178 1937 1239 2013 vel
1252 1936 1462 2043 sulphurea
1470 1940 1591 2019 subsltt·

163 2040 215 2115 tia
229 2053 385 2141 argento
400 2034 600 2123 adhaeserit,
625 2035 670 2109 ad
694 2030 876 2110 fusionem
889 2034 1170 2109 transmittitur:
1195 2039 1235 2111 Si
1252 2060 1353 2114 vero
1370 2036 1592 2145 cuprumsirt·

162 2140 223 2228 rit,
247 2138 306 2211 cui
329 2134 479 2238 sulphur
496 2156 695 2208 commune
708 2157 786 2210 non
800 2133 918 2208 modo
932 2130 1032 2207 velut
1045 2148 1230 2234 perpetuo
1244 2134 1440 2229 adhaeret,
1460 2136 1590 2239 s'edigrt
1630 2153 1634 2290 p

163 2238 178 2313 i
206 2234 231 2311 si
250 2238 412 2309 intimius
436 2232 672 2329 colliquatur‚
697 2232 864 2333 repetitis
882 2249 940 2305 ter
961 2248 1092 2329 quater
1111 2231 1444 2325 cascinationibus‚
1470 2232 1590 2315 inacid

161 2264 310 2437 spiritus
328 2330 448 2407 forma
463 2332 634 2406 violentia
650 2331 747 2433 ignis
763 2332 802 2403 in
815 2352 919 2405 auras
940 2329 1097 2431 pellitur,
1121 2332 1259 2431 partim
1274 2356 1390 2433 aquae
1408 2332 1588 2413 admissione
1632 2386 1634 2430 :

194 2459 233 2507 er
251 2431 399 2507 nossem
416 2428 480 2505 sub
496 2426 618 2504 forma
630 2427 820 2503 vitriolicae
837 2426 1041 2503 subslantiae
1057 2427 1264 2521 elutriatur,
1289 2432 1327 2507 81
1343 2430 1588 2513 tandeminsu·
1631 2445 1634 2514 i

161 2460 260 2609 sione
277 2530 382 2605 calcis
402 2532 494 2602 vivre
511 2528 545 2601 se
563 2524 757 2601 scoriarum
776 2524 864 2601 serri
878 2526 1105 2603 admixtione
1125 2530 1275 2627 penitus
1296 2528 1523 2631 segregatur.

262 2642 290 2721 s.
320 2654 374 2725 17.
404 2626 522 2701 Sulirla
541 2650 630 2699 vero
647 2624 775 2701 sixiora
788 2625 990 2699 commixta
1013 2626 1069 2699 vel
1084 2624 1332 2703 solutionibus
1346 2620 1420 2705 seu
1428 2628 1587 2709 extrudis

158 2726 287 2906 plibuS,
315 2725 374 2800 vel
393 2727 432 2799 in
447 2749 564 2827 regno
587 2722 963 2801 mincius-metallico
989 2718 1127 2799 fusione
1143 2726 1178 2800 u
1193 2728 1469 2827 cupellatione‚
1491 2728 1587 2827 seque·

191 2846 325 2903 santur.

259 2930 403 2999 llorum
422 2922 651 3025 processuum
669 2920 869 2995 methodus
896 2916 1069 2997 fundatur
1094 2923 1129 2995 in
1155 2917 1295 3023 regulis
1326 2924 1532 3008 solutionis,
1550 2918 1588 2997 su

192 3047 229 3097 ra
250 3032 311 3121 (p.
322 3048 377 3097 20.
396 3034 422 3109 s.
438 3028 517 3113 η.)
534 3021 595 3094 ubi
614 3022 659 3093 de
677 3021 970 3095 comminutione
987 3039 1279 3122 aggregatorum
1301 3024 1430 3099 aslum
1449 3026 1515 3113 ess,
1538 3044 1589 3097 tta

159 3049 256 3197 ilicis,
308 3120 424 3215 llujus
441 3118 674 3219 gerresissirnt
687 3118 929 3219 separationes
949 3122 1179 3193 metallorum
1196 3120 1241 3195 ab
1257 3124 1439 3211 invicem,
1454 3150 1487 3197 r.
1499 3146 1532 3225 g.
1545 3142 1589 3195 au·

158 3223 189 3293 ri
210 3218 253 3294 ab
281 3238 455 3321 argento,
480 3218 585 3319 cupri
602 3219 645 3294 ab
669 3218 873 3320 argento&
896 3242 1003 3308 auro,
1026 3235 1107 3293 tum
1123 3218 1280 3293 aliorum
1304 3223 1536 3299 metallorum
1556 3218 1589 3295 as

155 3320 299 3395 iisdem.

248 3424 300 3493 lle
326 3416 547 3517 separatione
577 3416 654 3487 artri
689 3411 733 3487 ab
764 3431 918 3517 argento
953 3416 1177 3501 notandum,
1207 3414 1314 3513 quod
1348 3442 1483 3495 nurum
1511 3414 1585 3489 adea

154 3514 373 3591 exterrsibilis
388 3511 428 3589 lit
445 3514 614 3600 materia,
637 3532 678 3585 ut
692 3508 800 3627 ipsius
830 3536 901 3587 una
928 3516 1052 3614 portio
1069 3513 1207 3588 ‹stratbus
1231 3512 1437 3591 scleribus
1466 3512 1587 3617 argenti

155 3612 304 3688 confusa
326 3634 520 3709 :truentum
539 3615 586 3685 ita
606 3611 716 3686 velun
744 3611 939 3697 obvolvat,
965 3632 1005 3685 ut
1019 3636 1109 3710 aqua
1132 3608 1238 3685 sortis
1259 3613 1386 3713 ipsum
1414 3642 1489 3693 arsin
1510 3634 1586 3687 auu

147 3712 244 3785 dere
268 3704 384 3809 pollis.
441 3718 491 3787 lta
515 3737 548 3785 v.
566 3734 602 3811 g.
627 3710 861 3813 intelligenda
889 3711 1001 3786 verba
1021 3712 1057 3785 in
1082 3710 1296 3785 tessimonio
1315 3715 1526 3789 docimaslu
1542 3714 1585 3784 lla

151 3812 225 3884 tavi
244 3811 450 3906 sststroosff,
472 3811 508 3883 in
523 3812 653 3884 Miner.
671 3813 830 3884 arenaria
847 3809 1019 3885 llccclreri
1040 3832 1125 3911 pag.
1142 3819 1223 3897 962.
1251 3811 1300 3884 sle
1323 3809 1467 3909 aliquot
1484 3808 1584 3897 arans

154 3906 333 4009 argenti,
368 3932 450 4003 quae
484 3930 576 4006 aqua
608 3903 713 3983 fortis
749 3934 826 3983 non
858 3910 1038 3995 invadat,
1072 3908 1106 3981 st
1136 3908 1230 3981 linea
1267 3914 1418 4009 paginae
1445 3899 1525 4001 ,sa
1549 3906 1584 3979 de

151 4030 183 4095 ς.
202 4034 261 4081 os.
277 4008 399 4105 granis
414 4008 571 4105 argenti,
597 4030 758 4103 quorum
778 4007 885 4085 tertia
903 4032 986 4108 pars
1005 4004 1108 4079 facilc
1126 4028 1255 4079 aurum
1273 4006 1335 4092 lit,
1364 4012 1386 4085 i.
1413 4001 1453 4083 es
1473 4004 1496 4083 li
1521 4026 1583 4104 gra·

150 4126 242 4187 num
268 4104 412 4209 argenti
434 4108 474 4183 in
500 4106 639 4209 cupellu
662 4104 872 4207 probatoria
895 4122 1099 4199 remaneat,
1124 4106 1230 4207 quod
1257 4106 1474 4185 mellentum
1500 4125 1583 4211 squar

1512 4212 1583 4277 loru
