3472 4822
342 240 376 321 Ἰ
421 282 680 434 dogmdtt'cae
693 297 754 409 ,Θ
769 294 1022 403 rationalis.
1364 310 1455 452 33
1581 400 1589 414 .

129 500 155 575 le
170 494 271 574 nlouli
281 497 417 612 mixtu,
441 499 476 573 8(
501 498 538 573 (11
558 496 695 612 ,εῆίοῐιῐ
713 499 935 575 diuturniori
959 488 1143 611 expolito,
1167 488 1303 575 abeunt
1320 496 1360 576 in
1382 494 1432 579 sul

129 622 156 693 :3
184 595 232 672 sal
244 596 344 673 alcoh
364 612 489 671 autem
555 620 585 670 rs
602 597 735 690 medii,
758 596 820 672 seu
836 599 959 675 tartari
975 595 1168 687 vitriolati,
1189 615 1357 677 naturam
1380 600 1431 676 asa

129 793 226 867 inde
239 791 363 866 omnia
381 790 461 866 olea
475 790 637 893 expressa
652 792 835 895 &adipeu
850 794 999 893 quando
1020 791 1242 868 destillantur
1256 791 1366 898 super
1384 796 1431 874 ul«

128 884 412 965 enetrantilsrmr
426 886 529 979 liunt,
551 891 604 963 uti
618 905 719 990 patet
734 915 781 967 ex
796 893 954 996 axungia
970 893 1127 967 humana
1142 890 1323 983 destillatr,
1346 892 1433 971 oleo

137 988 221 1064 oleo
237 985 408 1089 saponis3
434 989 612 1085 quoniam
639 1012 776 1089 nempe
799 993 961 1078 acidum,
989 1010 1102 1087 aqua,
1127 990 1163 1065 8(
1188 987 1332 1065 crolsror
1358 1008 1429 1068 ter·

129 1104 212 1163 unet
228 1088 266 1160 in
286 1111 350 1159 cor
379 1110 443 1159 ore
461 1086 623 1175 alcalino,
645 1083 890 1164 subtilioribus
914 1087 1080 1164 aethereis
1094 1086 1210 1163 salinis
1226 1086 1432 1191 sulphureis

129 1210 157 1260 rs
169 1185 324 1259 evolutis
340 1112 564 1260 llexalutis.
614 1186 794 1297 Spiritum
808 1188 886 1260 vini
900 1182 1240 1277 fortificationum,
1257 1189 1322 1287 qui
1337 1186 1431 1265 nihil

129 1284 155 1359 st
202 1306 286 1357 uam
299 1283 423 1356 oleum
439 1280 731 1356 fermentationis
747 1282 827 1358 uilo
843 1279 972 1359 intime
993 1282 1227 1359 subtilisatum
1247 1283 1282 1358 8(
1299 1285 1433 1361 resolu-

136 1406 163 1482 p
225 1400 360 1483 gmate,
375 1382 523 1456 acidum
538 1378 676 1470 fovere,
692 1380 923 1457 manifestum
939 1380 981 1457 lit
995 1383 1138 1472 exinde,
1160 1383 1336 1481 quonium
1351 1383 1434 1461 salio

129 1484 316 1593 amitigat
340 1481 376 1554 8(
404 1484 442 1555 in
480 1477 686 1576 crystallos,
711 1504 795 1579 quae
832 1478 907 1556 srne
943 1481 1048 1557 acido
1088 1484 1302 1581 neutiquam
1328 1478 1433 1574 fiunt,

131 1597 276 1652 nvertrt

129 1677 227 1751 tinde
241 1674 387 1775 spiritus
410 1673 488 1748 vini
506 1669 815 1750 reiliheatilsrmus
833 1681 1032 1752 Saturnum
1056 1675 1091 1750 8(
1111 1677 1244 1773 Jovem
1260 1661 1436 1750 corrodo

129 1775 188 1848 :in
206 1773 343 1847 calcem
368 1770 485 1845 albam
503 1773 537 1846 8(
554 1771 778 1848 (υὺάυΙεειῃ,

129 1876 219 1947 ertio
236 1869 470 1972 perspicuum
486 1868 573 1946 illud
583 1868 702 1970 ipsum
718 1869 760 1945 fit
774 1892 884 1958 exeo,
896 1871 1073 1968 quoniam
1090 1884 1173 1943 ante
1184 1864 1435 1945 fermentatio

129 1994 153 2045 es
167 1965 438 2044 fermentabiles
448 1965 608 2059 astuseu
620 1968 785 2043 intestina
794 1967 1064 2043 vehementiori
1080 1966 1258 2058 motione,
1270 1969 1435 2043 inunum

129 2068 322 2143 oalescunt
1038 2099 1041 2104 ·

129 2168 228 2241 einde
243 2169 353 2239 etiam
370 2186 482 2237 omne
496 2161 594 2254 illud,
610 2165 713 2262 quod
729 2161 896 2263 spiritum
905 2156 1361 2261 inflammabilempraebet,
1387 2182 1435 2242 ert

129 2266 277 2341 nauime
292 2281 514 2367 generatum
528 2259 650 2354 suerit,
664 2264 718 2335 uti
732 2261 903 2335 videmus
913 2261 952 2333 in
967 2256 1050 2334 uvio
1064 2260 1286 2350 immaturo,
1301 2263 1437 2361 pomis,

129 2386 180 2438 us.

129 2459 253 2564 rlphur
267 2452 514 2558 composltum
530 2444 657 2546 else&
702 2448 828 2532 uidem
841 2466 889 2530 'ex
907 2444 1073 2529 minerali
1089 2450 1204 2545 acido,
1219 2468 1435 2555 patetexar-

129 2560 142 2635 ἰ
162 2561 462 2663 regeneratione,
487 2558 636 2654 quando
660 2480 783 2631 oleum
796 2553 935 2630 vitrioli
954 2548 1126 2625 miscetur
1149 2576 1235 2626 cum
1258 2551 1341 2627 oleo
1357 2554 1437 2628 the·

129 2659 227 2748 rinae,
250 2658 284 2732 8(
306 2657 385 2731 haec
400 2659 437 2731 in
454 2673 590 2731 retorta
607 2650 840 2744 delblluntur,
862 2653 915 2727 itr
927 2648 1108 2725 sublimari
1121 2648 1212 2724 solet
1236 2651 1275 2726 in
1301 2650 1440 2726 collum

129 2780 155 2847 r,
168 2754 361 2832 substantia
373 2775 450 2828 non
465 2756 602 2846 modo,
625 2751 688 2827 sed
704 2772 835 2828 omnes
850 2746 1020 2837 effelius,
1041 2747 1212 2839 colores,
1236 2748 1271 2823 8(
1301 2750 1441 2824 odores

129 2856 175 2931 ris
193 2854 375 2929 minemlis
391 2846 577 2943 aemulans,
602 2850 660 2927 vel
675 2853 786 2926 etiam
803 2848 925 2926 adhuc
952 2845 1092 2936 melius,
1117 2847 1265 2944 quando
1289 2845 1440 2948 spirims

129 2954 178 3028 ris
196 2953 256 3026 vel
286 2950 421 3024 vitrioli
455 2954 577 3026 acidus
603 2966 861 3025 concentratus
896 2948 934 3020 in
958 2942 1029 3018 sale
1052 2941 1127 3018 fixo
1152 2942 1324 3019 miscetur
1348 2969 1437 3019 cum

183 3051 299 3126 buren
316 3048 523 3145 vegetabili,
545 3046 603 3119 vel
618 3054 727 3122 etiam
740 3045 894 3135 animali,
907 3065 943 3119 v.
960 3065 997 3143 g.
1015 3040 1245 3132 carbonibuS,
1263 3038 1437 3145 fuligine3

129 3176 135 3221 l
163 3152 285 3223 uritur
299 3143 504 3245 perserium
522 3144 638 3243 hepar
652 3143 832 3244 sulphuris
850 3196 860 3229 ,
884 3142 994 3311 puori
1012 3136 1169 3213 solutum
1189 3142 1224 3214 8(
1239 3140 1344 3215 acido
1361 3138 1438 3223 vini

129 3250 269 3323 litatum
294 3241 482 3317 constituit
502 3241 554 3314 lac
577 3239 782 3341 sulphuris,
806 3256 883 3337 quo

129 3341 347 3461 perfectum,
375 3336 643 3415 inflammabile.

129 3444 246 3556 mguis
271 3462 366 3514 tcrrn
396 3437 605 3512 animalium
632 3432 737 3510 acido
761 3426 952 3504 universali
977 3429 1108 3530 imprae
1137 3445 1246 3522 nuta,
1276 3432 1366 3506 item
1391 3427 1442 3505 sua

129 3564 233 3629 vura,
258 3544 311 3612 uti
328 3531 661 3623 cineresclarellati,
679 3531 747 3605 sale
763 3534 871 3604 aereo
886 3529 1026 3605 imbuto
1043 3552 1087 3601 co
1130 3530 1267 3603 lituunt
1291 3530 1442 3619 nitrum,

129 3608 379 3715 hilammabile
390 3635 435 3710 sal
453 3634 520 3721 est,
548 3629 573 3707 sr
589 3641 725 3732 nempe
740 3626 789 3703 illi
805 3623 870 3742 ipsi
886 3620 1054 3727 adjicitur
1073 3641 1169 3701 terra
1181 3622 1385 3727 sulphureo,
1399 3642 1443 3701 ut

129 3761 187 3813 κε
215 3733 289 3834 ipsa
311 3735 502 3810 saturando
518 3726 744 3833 superfluum
769 3726 914 3801 aerdum
936 3724 1120 3828 producut
1134 3723 1366 3801 substantiam
1389 3726 1443 3801 in-

130 3836 273 3911 abilem.

129 3932 371 4009 xantimonio
385 3952 516 4002 verum
542 3918 692 4028 sulphur
709 3912 884 3998 mine'iale
903 3918 1147 4019 producitur,
1169 3916 1194 3994 sr
1214 3918 1252 3994 in
1267 3932 1361 4019 aqua
1384 3936 1439 3992 re·

132 4051 192 4105 uta
218 4028 391 4114 solvatur,
416 4048 512 4100 terra
530 4026 631 4098 enim
654 4023 845 4124 sulphurea
875 4022 913 4094 in
937 4018 1141 4094 untimonio
1164 4017 1320 4093 existens
1343 4040 1441 4091 acce*

129 4131 413 4206 rcidoinverum
422 4122 571 4224 sulphur
580 4117 838 4203 inflammabile
847 4114 1442 4351 degenermxenimvitrioluprd,

1216 4292 1222 4313 2
1335 4235 1387 4312 ‘1¹¹

933 3235 1024 3313 nibil
1050 3236 1148 3312 uliud
1164 3236 1215 3312 est
1241 3260 1352 3334 quem
1375 3236 1441 3313 sul·
1558 3306 1570 3317 ..
