3472 4822
448 262 1157 410 logmtntaetaeaperantntaaa
1426 298 1499 425 87

129 470 315 649 ¹..apretiata
331 458 524 562 addiderit,
545 457 669 546 denuo
689 482 826 549 novam
841 476 1084 573 quantitatem
1096 475 1220 560 simnia
1234 468 1391 583 spirius,
1404 480 1497 561 utin

240 568 452 660 stillatione,
467 572 596 668 utique
611 568 865 672 consequetur.

149 669 326 747 Secundo
342 667 474 765 diserte
489 690 686 771 negamus,
712 671 815 769 quod
830 668 887 745 ille¹
904 656 1067 772 spiritua,
1089 666 1155 793 qui
1168 674 1244 771 jam
1257 678 1424 778 pondere
1443 680 1496 755 ni-
1527 746 1535 762 .

129 763 404 943 ’calmpffimm
427 780 576 864 aequat,
600 766 692 842 nihil
717 760 813 845 aliud
837 764 905 860 stt,
943 790 1056 873 quam
1079 788 1219 851 nitrum
1249 774 1289 850 in
1311 774 1496 879 liquorem

129 892 151 943 e
207 890 283 941 um.

150 968 277 1042 Primo
291 961 403 1053 enirn,
429 960 494 1037 nist
507 986 637 1063 aquam
652 984 846 1067 praeponat
859 952 900 1041 io
915 966 991 1043 teci
1020 969 1168 1060 ientern,
1183 957 1380 1048 dimidium
1394 973 1497 1049 circi-

129 1066 218 1141 nitri
232 1062 373 1139 assumti
387 1062 536 1163 pondua
550 1080 777 1161 aequantem,
800 1064 954 1140 minime
985 1067 1117 1170 pinitus
1130 1068 1361 1163 tantundem,
1383 1086 1497 1169 quan·

129 1198 137 1239 t
154 1168 292 1241 nitrum
305 1161 536 1261 ponderavit,
552 1178 716 1274 unquam
732 1161 925 1238 obtinebit

151 1263 339 1349 Secundo,
356 1254 382 1334 fi
400 1252 441 1333 in
456 1248 530 1333 hoc
544 1257 672 1358 spiritu
690 1258 776 1335 nitri
793 1257 908 1355 solvat
924 1274 1138 1365 argentum,
1205 1274 1344 1341 tntum
1355 1260 1496 1342 solvere

129 1354 193 1452 =st‚-
215 1357 436 1436 solutionem
450 1355 583 1433 claram
599 1357 826 1435 decantatam
847 1360 886 1434 in
902 1360 1126 1437 cucurbitula
1201 1385 1267 1437 ore
1281 1361 1400 1439 balnei
1414 1365 1497 1441 miti

129 1456 299 1564 ldegmet
323 1481 438 1555 usque
464 1456 510 1531 ad
548 1451 772 1548 siccitatem,
802 1456 1025 1536 transtillabit
1050 1456 1274 1562 phlegmatis
1299 1461 1497 1539 dimidium

129 1558 214 1649 idus,
239 1554 395 1657 insipidi,
419 1555 545 1631 &noo
561 1551 626 1628 nist
642 1550 813 1633 lev‘illrrna
829 1569 914 1633 aura
931 1556 1077 1659 spiritus
1098 1558 1186 1631 nitri
1206 1559 1390 1636 imbutum
1406 1587 1418 1647 3
1442 1584 1497 1635 re·

129 1672 196 1733 alm
213 1678 306 1730 vero
321 1653 490 1742 salinum,
519 1650 554 1726 dt
577 1653 625 1728 ita
650 1676 778 1729 revera
791 1679 838 1730 ex
866 1656 963 1731 nitro
978 1655 1205 1769 procedent,
1230 1681 1318 1733 cum
1340 1674 1497 1772 argento

129 1746 244 1833 forum
269 1749 359 1828 licea
383 1749 614 1839 remanebit,
650 1749 714 1827 sed
740 1754 884 1828 tantum
908 1748 1104 1831 dimrdittm
1128 1756 1277 1854 pondus
1301 1756 1497 1855 pristmum

129 1862 219 1943 nna,
246 1854 323 1926 imo
337 1852 478 1939 minus,
503 1842 540 1922 itl
563 1848 625 1939 est,
647 1852 776 1948 utique
798 1874 846 1926 ex
867 1854 928 1950 lbi·
951 1854 1038 1926 nitri
1062 1852 1184 1951 potest
1207 1852 1286 1927 lieri
1311 1853 1372 1953 [iij.
1394 1853 1496 1956 spiri·

129 2002 134 2033 .
162 1950 229 2029 sed
256 1948 336 2028 haec
362 1950 514 2025 dimidia
541 1964 646 2047 parte
671 1947 724 2023 est
748 1948 956 2051 phlegma,
983 1949 1140 2024 minime
1170 1962 1220 2027 ex
1242 1946 1342 2027 nitro
1367 1968 1514 2051 procea„

129 2066 154 2123 l.

138 2142 246 2251 Quid
270 2136 279 2164 ⁵
310 2146 382 2218 itur
399 2132 509 2218 tertio
524 2132 572 2218 de
598 2139 753 2217 secunda
766 2132 822 2218 illa
837 2131 1034 2219 medietate
1054 2144 1139 2219 nitri
1155 2128 1291 2221 fartum
1305 2130 1358 2237 stt,
1373 2144 1496 2223 edisse·

129 2236 243 2323 lutor
259 2168 376 2318 ildico.
401 2242 441 2317 hi
456 2240 604 2317 secundi
619 2238 770 2341 globuli,¹
795 2240 829 2315 a
848 2243 970 2317 denuo
989 2260 1083 2341 aqua
1097 2242 1209 2335 calida
1223 2238 1423 2321 sufficiente
1434 2266 1496 2321 ex·

129 2354 278 2435 uritur,-
302 2339 363 2416 seu
378 2340 576 2429 ditentur,
600 2339 767 2413 lixivium
781 2336 956 2415 filtratum
971 2340 1010 2414 in
1031 2336 1112 2416 ΜΒ.
1128 2332 1352 2417 abstrahatur
1365 2342 1412 2417 ad
1425 2359 1496 2417 ter·

129 2445 244 2520 >artis
267 2442 561 2526 remanentiam,
587 2438 668 2512 haec
683 2453 841 2536 ponatur
865 2454 952 2513 cum
975 2436 1035 2513 sua
1057 2438 1244 2515 cucurbita
1265 2434 1495 2515 &nlembico

129 2540 213 2631 ella,
239 2537 450 2615 excrescent
467 2530 622 2633 crystalli
641 2533 805 2635 ejusdem
821 2534 969 2640 ligur-d,
985 2533 1286 2637 ponderositatis,
1310 2535 1496 2650 &saporie

154 2634 237 2727 illis,
260 2662 341 2735 quet
357 2662 403 2714 ex
421 2635 569 2711 vitriolo
584 2631 700 2709 &sale
716 2634 840 2709 tartari
857 2636 1036 2725 oriuntur,
1061 2637 1212 2711 nomine
1229 2634 1355 2711 tartari
1370 2639 1496 2713 vatrio·

129 2732 360 2817 l’acheniani
386 2763 395 2809 t
421 2735 582 2833 reliquus
608 2731 633 2807 li
662 2757 730 2807 uor
757 2734 881 2810 denuo
912 2735 957 2810 ad
983 2737 1109 2809 tertiat
1131 2724 1324 2809 abstentius
1346 2734 1496 2833 penitus
1598 2812 1602 2817 ,

129 2832 189 2915 lan
206 2838 246 2911 in
275 2832 476 2929 crystallos,
500 2758 826 2934 partimleniffimt
844 2833 1105 2932 evaporatione
1148 2828 1219 2905 uasr
1234 2828 1258 2905 s
1276 2847 1434 2908 ontanea
1456 2834 1498 2909 in

129 2926 261 3023 *ulum
288 2928 770 3007 exsiccabiturdtcoalescet
820 2926 929 3007 Unde
943 2931 1019 3033 jam
1033 2922 1108 3007 hoc
1121 2852 1172 3005 ld
1198 2926 1216 3003 l
1240 2856 1323 3005 gne
1345 2948 1424 3007 non
1448 2948 1498 3010 ex

129 2984 198 3125 lh,
221 3032 261 3105 in
289 3050 361 3126 qua
388 3024 460 3101 stne
485 3030 584 3099 nitro
612 3028 671 3099 vel
690 3028 760 3103 sale
776 3032 968 3105 communi
1000 3029 1096 3105 nulla
1117 3022 1197 3104 talia
1219 3022 1412 3105 substantia
1435 3029 1497 3105 de·

129 3129 249 3209 librari
266 3123 396 3225 potest,
420 3120 483 3197 nili
498 3122 581 3221 quis
597 3121 695 3195 alcali
709 3122 825 3197 lixum
841 3123 907 3225 ipsi
923 3126 1057 3203 addere
1071 3126 1181 3212 velit,
1206 3150 1292 3202 cum
1303 3152 1379 3227 quo
1395 3127 1498 3203 idem

129 3226 217 3317 stat,
239 3221 391 3301 &simul
414 3222 467 3297 rei
483 3217 766 3294 fundamentum
790 3222 977 3297 monstrat
1023 3225 1206 3299 Nimirum
1221 3224 1421 3300 nihilaliud
1444 3225 1499 3301 est
1594 3294 1601 3303 .

129 3348 167 3407 m
185 3325 232 3401 sal
255 3325 423 3411 tertium,
452 3342 499 3394 cx
514 3317 619 3393 acido
646 3317 685 3391 in
711 3340 750 3390 ar
779 3316 836 3391 illa
858 3318 1144 3398 delitescente&
1171 3318 1271 3397 alcali
1288 3320 1426 3395 horum
1448 3318 1497 3397 sa·

129 3427 199 3505 tin
217 3446 333 3497 unum
344 3423 494 3495 tertium
513 3339 841 3491 concrescentbus.
870 3506 873 3511 Ι

148 3520 234 3624 Qo
251 3514 330 3622 ipso
344 3516 559 3593 refelluntur
577 3532 707 3589 omnes
719 3511 787 3604 illi,
811 3515 874 3612 qui
891 3504 1129 3607 arbitrantur,
1151 3502 1225 3589 hoc
1239 3502 1287 3589 sal
1308 3535 1356 3589 ex
1378 3508 1497 3611 capite

129 3642 207 3699 ttuo
229 3620 365 3695 horum
380 3616 583 3719 spirituum,
612 3599 678 3689 else
691 3614 895 3687 eorundem
916 3611 1040 3688 salium
1053 3626 1191 3729 purum
1203 3610 1311 3703 alcali,
1338 3609 1499 3691 seunitri

129 3719 206 3797 salis
232 3718 441 3791 communis
462 3714 543 3790 salia
567 3711 648 3788 fixa.
701 3713 738 3786 Si
760 3710 860 3786 enim
877 3710 924 3787 sal
947 3726 1073 3789 tartara
1087 3708 1262 3799 solutum,
1287 3708 1349 3785 seta
1373 3709 1499 3789 oleum

145 3841 214 3921 per
227 3815 298 3891 deli
329 3815 447 3895 oium,
474 3810 753 3888 commisceatur
776 3826 862 3885 cum
876 3808 978 3885 tenui
991 3802 1172 3887 solutione
1185 3809 1321 3886 vitrioli
1342 3808 1401 3885 vel
1425 3810 1499 3888 alu·

129 3918 175 4009 ria,
203 3840 391 3990 succelnva
408 3900 597 4001 ardalione,
621 3907 760 4001 srforte
774 3906 1003 4003 effervescat,
1026 3900 1237 4008 &denique
1249 3902 1401 3986 saturata
1415 3904 1498 3986 haec

129 4010 248 4091 stantia
279 4014 300 4086 a
334 4009 538 4085 sedimento
572 4006 704 4085 filtrata
733 4002 805 4083 leni
838 4008 874 4084 dt
904 4007 1055 4085 veluts
1097 4024 1228 4085 omnen
1256 4003 1496 4085 exfiecatione

129 4106 182 4189 im
201 4112 240 4187 in
255 4107 438 4206 crystallus
455 4106 649 4182 reducatur
673 4125 684 4182 t
715 4096 773 4183 ltae
792 4102 921 4223 figurae
935 4028 1167 4212 angustlorum,
1190 4102 1331 4225 sapore,
1346 4102 1382 4181 da
1396 4120 1497 4181 nota·

130 4202 427 4311 ponderositate,
453 4200 712 4308 phaenomeoia
727 4207 818 4285 item
829 4230 870 4285 tn
884 4205 993 4309 igue,
1016 4220 1059 4289 ut
1069 4198 1499 4385 clepit-attenehinllttspuli·

1228 4498 1397 4544 «at
