3472 4822
459 276 712 415 dogmaticae
726 279 784 385 εἴ
802 276 1177 409 experimentali.
1221 400 1227 417 ι
1439 322 1507 441 23
1590 288 1593 295 '

529 468 975 585 ARTlcutus
1006 480 1044 591 Ι.

631 710 639 718 ’
776 702 832 782 lle

228 882 799 1015 triturans
837 884 899 1009 a
937 830 1358 1057 souurrs.

753 1146 782 1234 §.
808 1158 841 1217 1.

190 1273 325 1351 Uando
352 1294 518 1349 marmor
541 1288 604 1346 aut
626 1294 679 1373 po
726 1268 868 1367 hyrites·
891 1267 1101 1350 sufficientis
1123 1274 1271 1351 duritiei
1294 1278 1341 1355 ad
1374 1304 1505 1364 manua

137 1380 153 1389 “
214 1371 309 1464 sunt,
330 1371 515 1447 trituratio
528 1293 801 1469 quidemsldcile
814 1366 1014 1467 perficitur,
1037 1373 1192 1452 subinde
1216 1390 1343 1452 tamen
1368 1382 1503 1461 addita·

219 1493 348 1547 mento
377 1494 490 1572 opus,
521 1494 592 1572 pro
627 1466 887 1545 commodiore
922 1472 1150 1548 oemtione.
1198 1476 1341 1576 Nempe
1366 1476 1505 1559 habent

123 1568 333 1649 =terrestria
347 1568 405 1643 illa
428 1584 617 1660 concreta,
636 1580 696 1660 ut,
750 1564 871 1641 nando
899 1568 937 1641 in
946 1497 1118 1647 lubtilem
1141 1568 1335 1673 pulverem
1358 1580 1504 1658 renna

123 1684 152 1761 t,
203 1668 436 1744 ulveretenus
457 1665 547 1743 flatu
566 1684 628 1743 aut
658 1592 880 1743 tertiatione·
902 1670 1105 1767 pyramidis
1127 1668 1359 1769 laevigatoriae
1374 1676 1434 1751 vel
1448 1682 1503 1779 pi.

123 1770 142 1846 i
189 1766 259 1843 cile
271 1762 504 1869 dillrpentur,
525 1763 588 1841 sed
604 1766 639 1841 8(
658 1766 779 1866 pulvis
802 1764 1011 1861 impetuoso
1029 1766 1202 1867 prellorio
1219 1772 1310 1845 tritu
1327 1774 1450 1851 rursus
1462 1778 1504 1854 in

123 1862 271 1983 ritatem
286 1882 466 1971 cogatur:
488 1867 634 1965 utrique
652 1865 739 1939 huic
754 1864 999 1939 incommodo
1017 1866 1263 1943 additamenta
1282 1864 1396 1948 fluida
1409 1898 1497 1976 pro·

123 1986 225 2041 nunt

156 2070 247 2139 Sunt
268 2077 392 2140 autem
415 2050 497 2136 haec
519 2052 637 2135 modo
663 2076 773 2162 aqua,
795 2052 913 2137 modo
941 2056 1085 2153 oleum,
1109 2056 1225 2138 modo
1241 2058 1436 2158 menſtrua,
1457 2084 1501 2147 ut

154 2272 187 2353 ς.
210 2282 246 2339 2.
267 2263 322 2335 lta
348 2256 461 2363 pcrlae
481 2244 518 2330 8(
541 2251 685 2329 corallia
706 2264 878 2333 teruntur
897 2246 1007 2361 super
1037 2274 1244 2350 marmore,
1267 2254 1307 2337 in
1321 2262 1502 2339 mortario

123 2378 162 2433 ur
172 2356 333 2448 contusa,
353 2358 480 2435 addito
495 2373 688 2429 momento
707 2358 800 2432 aceti
816 2355 992 2447 destillati,
1009 2360 1043 2435 8(
1059 2358 1206 2450 deinde,
1224 2359 1298 2435 hoc
1311 2356 1501 2436 siccescen-

123 2456 374 2560 tdspergendo
391 2478 525 2548 aquam
537 2450 751 2553 fimplicem,
763 2452 912 2557 vel,pro
920 2454 1139 2560 spatioliore
1148 2476 1346 2559 apparatu,
1362 2480 1497 2558 aquarn

123 2544 246 2633 burn:
270 2556 361 2631 &ita
372 2555 539 2656 laevigata
553 2552 633 2627 hrec
649 2570 808 2655 corpora
823 2550 1003 2631 vocaintur
1018 2578 1097 2659 prae
1126 2576 1234 2632 arata

123 2660 207 2735 ulta
226 2656 337 2731 etiam
368 2670 486 2729 mater
513 2650 700 2753 penarum
725 2648 760 2727 8(
786 2652 863 2729 aliae
891 2654 1043 2731 conchae
1069 2678 1094 2729 o
1146 2672 1298 2744 earum,
1321 2652 1503 2731 conchilia

123 2741 243 2845 uada,
267 2752 355 2827 teste
379 2774 537 2828 ovorum
563 2748 789 2841 struthioniS,
811 2751 950 2854 lapidea
973 2772 1204 2845 cancrorum,
1229 2776 1437 2853 percarum,
1461 2752 1499 2829 8(

123 2844 179 2929 ἧι
191 2870 455 2955 preparantur,
474 2870 516 2926 ut
531 2848 566 2926 8(
584 2849 739 3023 lapides,
754 2850 990 2946 alabastritem
1013 2853 1217 2929 haemttites
1232 2852 1324 2927 tutia
1339 2852 1407 2929 &c

138 2953 198 3029 lta
210 2950 415 3027 cinnabaris
433 2971 556 3051 gratus
577 2974 622 3023 co
636 2974 679 3025 or
692 2949 895 3052 plurimum
925 2952 1102 3029 exaltatur
1122 2950 1279 3026 terendo
1296 2974 1383 3027 cum
1405 2970 1500 3049 aqua

123 3048 226 3141 dici,
252 3048 312 3120 cui
337 3046 504 3119 nonnulli
520 3048 695 3141 adjiciunt
715 3050 758 3121 ali
788 3052 852 3125 uid
870 3050 1063 3127 albuminis
1086 3044 1149 3125 ovi
1175 3048 1419 3148 conquallati,
1442 3046 1501 3123 alii

123 3166 134 3237 t
153 3148 243 3225 loco
255 3168 360 3244 aquae
375 3140 441 3218 srm
469 3142 547 3215 licis
568 3142 710 3217 urinam
727 3146 771 3219 ad
800 3148 913 3236 ibent,
922 3174 1033 3246 quam
1049 3146 1135 3248 post
1142 3144 1383 3225 sufficientem
1397 3168 1498 3221 com-

123 3246 299 3325 t'ttionem
315 3264 408 3340 aqua
452 3262 578 3315 emunt
597 3239 718 3313 rursus
737 3241 916 3317 eluti-iant

141 3350 221 3423 Pro
233 3348 364 3419 tritura
380 3340 532 3416 nomine
550 3335 726 3412 foliorum
744 3341 820 3413 auri
841 3338 1043 3439 pauxillum
1062 3339 1178 3415 mellis
1196 3334 1353 3433 additur,
1367 3357 1410 3414 ut
1430 3338 1498 3414 hu·

123 3432 313 3521 {abstantia
332 3440 423 3517 semi
439 3436 550 3516 densa
570 3435 876 3517 convolutionem
890 3435 1067 3514 foliorum
1090 3440 1280 3538 impediat

123 3628 125 3633 ,
143 3548 221 3621 Pro
235 3540 333 3617 vitro
350 3539 544 3617 antimonii
561 3530 782 3611 sufficienter
798 3537 1088 3613 comminuendo
1114 3536 1231 3638 exigit
1256 3534 1498 3636 Kerkringiua

123 3642 376 3719 ommentario
397 3642 436 3714 in
450 3634 562 3715 Balilii
576 3634 757 3715 Valentini
772 3658 922 3709 currum
945 3630 1060 3711 trium
1088 3632 1210 3708 halem
1227 3634 1418 3708 antimonii
1436 3635 1496 3709 ad·

123 3744 274 3817 tionem
288 3736 380 3813 aceti
395 3735 569 3811 destillari.
616 3740 709 3812 Nota
732 3758 883 3835 quoque
907 3734 961 3811 est
976 3659 1246 3809 medimnum
1262 3733 1497 3831 quorundam

123 3840 185 3915 cia
199 3838 239 3913 in
251 3835 399 3911 salivam
412 3834 634 3921 humanam,
655 3850 769 3931 quam
785 3834 946 3937 proinde
970 3855 1043 3939 pro
1058 3855 1148 3908 auro
1165 3830 1385 3907 admodum
1404 3836 1500 3907 Lan·

123 3939 306 4017 ottianum
321 3932 525 4008 triturando
540 3928 752 4006 admiscent.

143 4048 179 4131 §-
208 4060 240 4127 ς.
265 4032 357 4107 lllud
371 4032 521 4107 unicum
542 4030 774 4105 monendum
789 4020 968 4135 superest,
991 4043 1033 4103 ut
1056 4026 1295 4105 instrumenta
1318 4023 1501 4129 eligantur

123 4130 260 4213 ursoria
283 4132 317 4207 8(
341 4128 587 4232 laevigatoria‚
610 4153 693 4227 quae
718 4124 857 4205 habent
876 4125 1165 4232 proportionem
1186 4128 1333 4203 duritiei
1349 4127 1396 4203 ad
1420 4149 1501 4200 cor·

123 4231 372 4315 tundendum
395 4229 453 4307 vel
475 4226 735 4327 levigandum.
786 4232 839 4307 lta
864 4226 968 4305 enirn
991 4222 1092 4303 reste
1116 4228 1358 4329 conqueritur
1367 4228 1411 4403 g.
1426 4229 1499 4299 Lu-

1395 4342 1502 4403 ovrct.
