3502 4822
159 282 229 396 88
585 234 897 366 ‘fundamenta
922 270 1095 380 darmite

162 482 238 542 tate
251 467 317 545 &e
341 466 391 539 ita
407 459 555 565 prorsus
567 486 652 537 cum
668 462 733 539 illis
755 464 988 551 convenient,
1003 490 1090 563 quaa
1103 466 1289 568 err-capite
1305 488 1456 545 mortuo
1466 470 1570 549 botua

18 637 21 643 λ
87 634 91 659 2
161 561 355 737 fiairituum
359 562 596 735 prodierunt,
617 579 657 636 ut
673 565 846 653 omnibus
864 560 1024 646 lenlibus'
1038 562 1273 640 manifestum
1287 562 1458 643 futurum
1473 566 1525 659 lit,
1537 592 1573 647 tt

191 684 250 735 em
269 687 358 763 pror
374 687 415 735 us
430 658 551 763 specie
564 658 642 741 elle.

181 820 186 829 .
259 772 286 849 t.
319 786 372 853 3¹·
398 764 453 834 Er
469 758 543 833 hoc
562 756 805 835 fundamento
828 758 1000 861 procedit
1022 759 1132 837 etiam
1152 758 1354 841 destillatio
1371 784 1473 861 aque
1494 758 1576 855 forth

157 858 425 1029 prprzeparatio
441 856 618 934 Mercurii
632 854 822 949 sublimati,
841 882 881 933 ac
895 858 1019 955 butyri
1032 859 1225 939 antimonii
1241 856 1319 933 line
1330 862 1514 937 Mercurio
1524 857 1577 939 fib

173 972 297 1030 lmssto.
1209 974 1212 979 '

167 1099 171 1105 ·
257 1060 361 1135 Loco
386 1051 520 1154 argillae
545 1050 730 1144 allumitur
753 1053 943 1128 vitriolum
966 1054 1014 1127 ad
1035 1052 1260 1129 rubedinem
1288 1050 1521 1147 calcinatum,
1537 1076 1576 1132 ur

158 1170 273 1255 caput
295 1170 485 1229 mortuum
510 1147 654 1253 spiritus
679 1151 842 1241 vitrioli,
867 1152 1017 1251 ejusque
1042 1168 1162 1261 partes
1190 1152 1227 1250 ij.
1252 1154 1301 1227 ad
1328 1154 1420 1227 nitri
1439 1154 1575 1255 ptumi

158 1256 320 1327 mixtur-t
335 1265 623 1325 retortaeterrete
639 1250 805 1339 loricatae,
817 1251 875 1324 vel
892 1251 1016 1323 vitreae
1028 1250 1192 1334 luniliter
1209 1252 1383 1341 munitae,
1395 1253 1575 1341 immittite,
1606 1275 1616 1326 a

157 1349 195 1423 Bt
223 1353 424 1449 recipiente
457 1347 630 1421 collutato
665 1346 854 1423 destillatio
879 1346 1100 1437 instituitur,
1126 1348 1176 1421 ita
1201 1366 1246 1422 ut
1269 1364 1418 1425 retorta
1443 1356 1576 1455 prount
1611 1330 1616 1418 l

157 1440 358 1535 candescat,
383 1446 432 1520 ita
455 1444 646 1547 transpirat
667 1470 784 1549 vapor
810 1448 908 1521 aurei
928 1444 1075 1533 coloris,
1098 1442 1315 1544 quiseniim
1330 1450 1371 1523 in
1433 1474 1526 1538 uam,
1541 1472 1577 1523 rt
1613 1437 1616 1529 l

159 1547 311 1647 cipimti
328 1564 410 1620 ante
432 1542 669 1617 collutionem
697 1546 991 1633 immittendam,
1020 1566 1104 1646 ug.
1131 1544 1297 1646 pluviam
1326 1470 1578 1635 velabrum

159 1644 357 1733 dellillatas,
381 1643 555 1736 (dimidio
579 1643 746 1741 pondere
762 1644 978 1739 adnitrum)
1000 1644 1202 1721 imbrbitur.
1254 1644 1294 1717 si
1317 1644 1579 1725 retortadtret't

94 1820 100 1831 ,
154 1742 262 1844 piens
275 1760 406 1816 mutuo
422 1742 691 1828 dimoveantur,
719 1742 868 1839 quando
886 1738 1010 1815 famaus
1027 1740 1088 1815 hic
1103 1742 1216 1818 ruber
1237 1742 1360 1834 cellat,
1379 1742 1480 1837 illud,
1527 1741 1578 1822 uod

156 1837 391 1929 transtillavit,
411 1836 556 1937 spiritus
571 1839 658 1929 nitri
671 1838 743 1929 eu,
765 1858 806 1916 ut
826 1838 923 1913 reste
940 1838 1062 1913 cenlet
1078 1842 1266 1943 Viganus:
1293 1842 1444 1918 S'rvero

156 1938 230 2012 lroc
245 1936 343 2013 flavo
355 1936 479 2012 colore
494 1938 589 2038 ignis
606 1960 681 2011 non
695 1940 810 2013 modo
828 1942 1080 2029 continuetur,
1100 1938 1161 2014 l'ed
1177 1938 1212 2013 dr
1230 1938 1277 2013 ad
1288 1939 1473 2019 astuelem
1488 1944 1577 2017 into

156 2034 375 2113 deseentiam
393 2055 577 2137 augeatur,
593 2034 753 2111 succedit
766 2060 882 2138 vapor
896 2036 1014 2125 albus,
1037 2037 1101 2139 qui
1118 2036 1208 2111 nibil
1225 2035 1400 2141 aliudnest
1413 2036 1578 2151 quamspi

36 2200 40 2207 .
155 2138 246 2211 ritus
270 2136 407 2213 vitrioli
434 2160 443 2227 ;
470 2136 504 2210 8<
533 2134 606 2207 hoc
633 2136 794 2211 maxime
818 2134 876 2225 fit,
905 2132 929 2213 li
956 2149 1168 2235 non'caput
1192 2152 1394 2211 mortuum
1418 2136 1578 2213 variolam

155 2233 371 2311 calcitratum
397 2232 605 2317 adsumtum
631 2228 675 2319 fit
699 2260 709 2319 ς
734 2230 872 2309 livero
896 2252 1007 2335 caput
1030 2252 1222 2308 mortuum
1247 2234 1465 2314 adhibitum
1484 2232 1579 2323 firtru,

154 2348 268 2435 prout
294 2332 366 2407 hoc
392 2333 474 2435 plus
498 2330 556 2407 vcl
587 2335 707 2405 minus
732 2333 968 2421 destillatione
991 2332 1206 2409 exhaustum
1231 2332 1308 2425 eu,
1332 2352 1440 2411 tanto
1453 2334 1526 2439 plus
1536 2332 1580 2407 ed

154 2432 275 2544 minus
296 2456 446 2531 quoque
460 2432 567 2529 hujus
583 2431 741 2531 vaporis,
766 2434 843 2508 imo
865 2456 941 2505 non
955 2454 1038 2507 raro
1064 2430 1212 2534 prorsus
1228 2431 1326 2519 nihil
1342 2434 1525 2535 ejusdem,
1543 2428 1580 2505 so

182 2552 289 2603 uuor

154 2556 181 2628 q
250 2630 286 2702 Si
302 2642 412 2728 caput
433 2640 621 2700 mortuum
646 2624 754 2726 hujus
776 2626 892 2702 mallee
908 2628 1086 2715 clixctur,
1112 2626 1147 2702 dr
1171 2622 1306 2701 solutio
1328 2626 1461 2705 liltrata
1476 2650 1579 2729 etapo

153 2742 273 2809 retur,
303 2722 464 2801 similiter
490 2724 533 2797 litl
558 2726 749 2823 quoddam
776 2726 988 2815 obtinetur,
1019 2749 1155 2825 nempe
1183 2724 1299 2813 iilud,
1329 2728 1379 2801 de
1402 2750 1479 2829 quo
1500 2724 1579 2827 supra

149 2828 318 2925 (papst.
335 2834 361 2915 l.
375 2832 450 2917 29.)
469 2823 618 2898 (lidum.
669 2829 721 2897 lle
740 2823 847 2923 liujus
868 2826 1059 2914 varietate,
1082 2847 1152 2925 pro
1168 2822 1382 2901 diverlitate
1395 2825 1576 2930 proportio

152 2928 208 2994 nis
233 2921 485 3010 alltuntorum,
511 2920 572 2995 iub
596 2922 878 2997 combinationis
909 2923 1100 3023 produtlis
1124 2922 1337 3019 loquemur.
1390 2926 1487 3001 Alias
1503 2944 1576 2999 oom-

152 3020 256 3091 muui
281 3020 433 3090 nomine
461 3042 633 3092 carcanum
664 3021 892 3121 duplicatum
922 3017 1119 3117 llynlicltti
1146 3019 1373 3120 appellatur,
1401 3022 1575 3117 lieetllua

152 3112 284 3189 lielrtus
301 3114 419 3187 adhuc
433 3116 566 3215 aliquas
590 3118 781 3195 ulteriores
803 3121 1089 3221 praeparationes
1111 3120 1151 3192 in
1167 3092 1240 3193 bac
1256 3123 1416 3197 materia
1434 3124 1571 3223 requirat

149 3213 291 3289 Dicitur
310 3213 419 3287 etiam
436 3221 592 3289 l'anaccu
615 3218 801 3294 llollatiea.

184 3303 188 3309 ’
246 3326 274 3406 ς.
304 3338 358 3402 30.
387 3317 560 3412 Quavis
578 3320 781 3393 Mercurius
799 3314 1009 3391 sublimatus
1025 3313 1066 3393 stt
1085 3315 1236 3413 aliquod
1254 3314 1505 3419 composrtum
1514 3334 1570 3389 cur·

151 3438 220 3514 pus
239 3470 248 3500 ,
276 3414 322 3487 de
340 3437 414 3509 quo
432 3415 467 3486 in
487 3412 674 3515 pruleuti,
701 3416 763 3490 ubi
788 3415 1033 3491 (liliolutiones
1049 3416 1285 3501 excutimus,
1313 3416 1469 3501 tractare
1491 3422 1571 3487 inu

149 3511 212 3602 est,
232 3511 327 3585 illam
346 3530 468 3585 tamen
484 3514 561 3612 ejus
579 3532 731 3615 partem,
749 3540 835 3613 quae
849 3540 894 3593 ex
911 3514 984 3588 hoe
996 3510 1237 3588 fundamento
1249 3516 1441 3613 procedit,
1456 3514 1572 3589 hictau

179 3634 239 3682 ere
256 3610 390 3685 nccelle
407 3610 467 3684 eu.
514 3614 595 3685 llee.
620 3616 748 3713 eapitis
767 3615 906 3688 mortui
922 3612 1057 3687 vitrioli
1081 3612 1280 3712 proportio
1306 3612 1523 3715 quadrupla,
1541 3604 1572 3681 la

151 3633 194 3781 ds
210 3731 345 3781 eorum.
364 3709 491 3807 dupla,
520 3709 576 3781 vel
593 3708 702 3810 hujus
723 3736 792 3785 una
811 3713 844 3785 u
863 3712 1016 3787 dimidia
1030 3712 1134 3796 nitri,
1160 3712 1342 3785 Mercurii
1366 3716 1444 3787 riui
1468 3704 1571 3809 linplt

151 3810 239 3883 llaec
256 3804 512 3905 pulveretenus
537 3833 621 3881 cum
646 3813 831 3883 Mercurio
856 3812 892 3882 iu
920 3809 1029 3883 alveis
1051 3808 1181 3909 ligneis
1207 3828 1270 3882 aut
1297 3810 1455 3913 lapideis
1478 3826 1572 3883 canu·

150 3922 298 3992 runtur,
326 3906 445 3978 donec
461 3908 580 3981 omnis
597 3910 800 3983 Mercurius
816 3910 922 3983 vivus
944 3906 1148 4009 dillipetur,
1173 3922 1314 3981 utnon
1334 3910 1491 4024 amplius
1511 3924 1572 3979 eoo

150 4006 173 4077 s
193 4004 343 4090 iciatur3
369 4006 525 4079 mixtura
543 4004 621 4079 haec
640 4007 678 4079 in
697 4006 776 4080 vale
796 4007 850 4081 vel
869 4008 988 4081 vitreo
1004 4006 1129 4092 lutato,
1157 4003 1216 4077 vel
1233 4024 1373 4095 terreo,
1398 4006 1572 4109 imponitur

148 4030 341 4178 dccellit¹o
357 4099 465 4174 calori
483 4106 520 4177 in
535 4127 641 4178 arena
659 4106 716 4178 vel
740 4104 949 4181 cineribus:
973 4108 1021 4180 ita
1035 4106 1160 4205 primo
1189 4104 1396 4183 humiditas
1412 4104 1572 4208 phlegml·

147 4200 220 4280 tica
238 4214 423 4303 evaporat,
439 4224 522 4301 quae
535 4222 575 4279 ut
591 4220 693 4283 tanto
713 4206 819 4295 citius
835 4204 1004 4285 secedere
1017 4198 1146 4307 polilt,
1166 4224 1229 4291 vas
1245 4201 1394 4285 humile
1411 4204 1475 4287 effe
1488 4218 1572 4377 eppa

1537 4314 1567 4375 uz
