3472 4822
376 180 1098 380 dogmatieaeiffexpenimtntalls.
1380 248 1451 399 8'3

129 440 207 537 lud,
223 445 329 547 qr'aod
342 443 384 519 irr
396 462 536 521 retorta
549 442 737 536 remansit,
764 466 903 560 nempe
918 445 1068 549 globuli,
1093 451 1306 526 continuato
1321 452 1443 553 gradu

129 572 185 622 rm·
202 570 279 620 non
296 543 452 645 amplius
468 566 649 644 vaporem
664 544 768 618 illum·
779 545 1026 621 rubicundum
1048 546 1295 639 dimittentes,
1320 551 1439 626 eluan-

147 656 407 743 excoquantur
418 665 511 755 aqua
533 640 711 743 simplici,
731 641 812 717 haec
830 641 985 717 filtretur
998 643 1293 748 &evaporetur‚·
1312 650 1441 724 denuo·

129 762 214 819 ntur
229 740 314 817 satis
327 742 486 913 eopiolae
502 739 667 837 crystalli,
681 763 776 839 quas
786 737 853 841 ipfi
867 758 938 842 pro
955 740 1100 816 diverso
1111 742 1362 841 quodamsale,
1378 745 1440 822 seu

129 841 230 917 :alino
260 840 358 931 lixo,
411 839 551 914 abent:
577 840 679 937 quod
695 861 817 914 autem
838 840 881 913 in·
901 838 970 915 hac
983 838 1161 915 sententie
1183 840 1368 933 fallantur,
1390 847 1444 921 ita·

129 944 157 1015 ri
205 932 293 1029 olle,
317 930 437 1012 fihoc
453 936 498 1011 sal
514 938 637 1011 denuo
664 962 749 1011 cum
764 937 877 1039 triplo
905 940 983 1014 imo
1011 938 1190 1041 amplius·‚
1214 940 1348 1043 argillae
1373 944 1444 1016 mi·-

130 1096 139 1129 ‚
165 965 256 1113 lint
296 1040 369 1110 rius
384 1034 550 1123 traltent,
575 1038 624 1111 ita
640 1037 741 1111 enim
755 1036 792 1111 8<
805 1036 880 1111 hoc
893 1034 1076 1112 reliduum
1097 1040 1135 1111 in
1150 1037 1321 1137 spiritum
1345 1056 1440 1114 tran·

129 1154 229 1222 rum,
282 1158 376 1209 onec
395 1133 543 1236 spiritus
566 1132 626 1207 hic
648 1133 797 1208 allurnto
820 1137 918 1210 nitro
943 1136 1236 1234 aequiponderat‚
1263 1162 1341 1237 quo
1365 1162 1440 1214 ma-

129 1258 172 1309 m
193 1232 260 1308 fiat
269 1252 392 1307 totum
408 1235 547 1306 nitrum
565 1228 662 1330 quasi
677 1231 923 1333 homogeneae
938 1229 1141 1309 substantiae
1157 1235 1321 1328 existere,
1347 1236 1383 1310 81
1400 1239 1442 1311 in

129 1358 153 1406 n
171 1332 292 1421 talem,
321 1356 398 1406 non
412 1330 638 1431 separatione
652 1328 714 1405 sed
727 1333 1030 1405 transmutatione
1043 1332 1212 1428 quadam,
1232 1334 1351 1437 redigi
1359 1333 1441 1437 pos-

129 1434 170 1507 τά
182 1448 368 1530 quantum·
378 1427 454 1531 ipse
469 1452 621 1530 quoque
633 1430 802 1505 Autorin
815 1428 885 1504 lrao
899 1427 961 1505 sua
979 1428 1158 1531 opinione
1166 1426 1317 1519 fallatur,
1336 1457 1444 1508 mon--

129 1554 200 1605 rue.

129 1630 151 1705 d
165 1618 405 1727 probandum
419 1649 537 1716 vero,·
557 1624 663 1725 quod
678 1623 819 1699 nitrum
835 1624 872 1699 81
893 1622 940 1699 fal
965 1646 1166 1701 commune
1182 1625 1220 1700 in
1236 1624 1326 1703 ficca
1339 1627 1375 1704 &·
1388 1626 1442 1705 so'·

129 1725 364 1801 csubllantia
386 1723 466 1799 astu
489 1747 647 1826 corpora
672 1746 718 1799 ex
737 1724 842 1799 acido
858 1721 994 1797 volatili
1020 1723 1055 1798 8<
1080 1722 1231 1809 alcalioo
1251 1724 1327 1803 fixo
1355 1752 1446 1805 cona

129 1849 209 1899 non
233 1824 349 1897 modo
364 1824 583 1932 praeparatio
605 1835 849 1919 utrorumque
864 1820 1050 1919 vulgatior
1067 1820 1129 1895 sed
1154 1825 1263 1897 etiam
1289 1849 1440 1926 regene-

129 1919 290 1998 tificssalis
305 1919 522 1995 sufficienter
536 1918 782 2019 comprobat;
804 1918 895 1992 dum
915 1919 953 1989 in
968 1917 1036 2007 illa,
1054 1942 1131 2088 Ero
1157 1926 1312 1997 materia
1331 1912 1446 2003 raldo

129 2017 341 2107 ltuutluola
355 2022 441 2094 nitri
462 2020 496 2092 a·
515 2016 598 2093 salis
618 2016 828 2090 commtmis
845 2030 1054 2114 temporam
1106 2016 1142 2090 a
1161 2018 1199 2090 in
1215 2016 1344 2095 liccam
1359 2048 1440 2121 cry.

130 2145 170 2194 m
190 2116 350 2192 farinam
366 2118 582 2217 redigenda,
602 2112 753 2216 copioso
769 2114 896 2188 lixivio
914 2136 1009 2213 opus
1027 2110 1089 2202 est,
1109 2113 1168 2187 vel
1185 2119 1363 2202 cinerum.
1380 2122 1441 2197 vel

129 2220 228 2295 river,
251 2217 308 2290 vel
330 2238 489 2312 utroque
503 2216 649 2298 mixto,
676 2213 715 2285 in
727 2212 801 2286 hoc
823 2208 909 2285 astu·
918 2210 1067 2310 spiritus
1081 2211 1167 2285 nitri
1188 2215 1245 2288 vel
1260 2213 1354 2295 salia.
1377 2218 1442 2295 sali

139 2315 198 2389 vel
212 2312 316 2388 limili
334 2313 431 2387 aleali
458 2310 531 2386 lixo
559 2308 842 2399 affunditur‚=&
869 2332 954 2382 cum
979 2334 1026 2383 eo
1053 2329 1181 2384 mutua
1203 2310 1445 2392 effervescens

129 2415 260 2488 ›riente
286 2417 334 2486 ita
359 2411 566 2501 imbibitur,
589 2430 631 2483 ut
654 2432 705 2484 err
719 2425 872 2505 unaque
888 2409 1249 2505 materia-conjunsta
1266 2412 1341 2487 'am-
1356 2412 1439 2491 astu

129 2509 191 2587 ifit
210 2513 402 2618 antiquum
422 2511 574 2597 nitrum,
591 2505 709 2612 gustu,
732 2503 821 2597 visu,
842 2508 947 2581 omni
967 2503 1117 2597 effestu,
1137 2531 1224 2583 cum
1245 2438 1320 2585 alio¹
1338 2508 1444 2589 nitro

136 2610 376 2684 recentilhme
404 2605 598 2698 conferto,
621 2602 769 2708 prorsus
805 2604 930 2693 idem,
958 2624 1089 2679 contra·
1111 2606 1331 2705 opinionem
1355 2628 1445 2687 ante

129 2709 231 2819 gani,
246 2728 287 2781 ut
301 2709 514 2805 quotidiana
535 2706 767 2809 experientia
785 2700 973 2777 monstrat
1006 2699 1209 2795 ⁸Secundo,
1239 2708 1339 2781 idem
1364 2733 1439 2786 mas
1529 2744 1533 2753 ·

129 2810 217 2883 lime
243 2806 461 2881 confirmant
476 2803 657 2909 produnt-a·
670 2803 759 2877 nitri
784 2823 826 2875 ao
851 2797 930 2875 salis
951 2802 1160 2875 communis
1182 2822 1271 2879 cum·
1287 2807 1444 2884 vitriolo·

129 2932 214 2993 um,
232 2904 380 3002 prorsus
397 2908 526 2979 cadem
543 2928 629 2979 cum
646 2901 815 2999 alequa
826 2898 1022 2975 ex-vitrioli
1037 2898 1072 2975 82
1088 2897 1187 2975 alcali
1202 2907 1443 2982 commixtio«

129 3005 249 3089 ritant,
272 3024 313 3071 ut
331 2998 394 3071 suo
411 3001 494 3072 loco
515 3003 742 3090 videbimus,
757 3000 853 3073 dum
864 3023 1001 3099 nempe
1016 3021 1189 3073 arcanum
1211 3001 1441 3104 duplicatum

129 3104 193 3179 :hti
226 3118 389 3172 accurate
415 3112 584 3198 paratum
608 3096 645 3169 &-
672 3113 828 3170 tartarus
855 3098 1058 3172 vitriolatus
1082 3098 1270 3174 Tachenii
1287 3103 1442 3201 prorsus
1463 3184 1474 3197 ,

129 3220 202 3391 υ-ιῃςξ
227 3295 368 3370 Deinde
391 3290 511 3364 notari
540 3285 656 3360 ‹lebet-
682 3288 828 3361 axioma
854 3280 1139 3388 experimentale
1162 3293 1337 3369 Beceheri
1361 3323 1371 3376 ς
1396 3300 1441 3371 ln

129 3420 243 3483 uena,
270 3392 409 3487 argilla,
434 3388 529 3475 luto,
551 3386 629 3459 imo
654 3383 739 3487 ipsis
763 3382 917 3463 lilicibus
942 3388 982 3461 aa
1009 3385 1128 3479 saxis,
1169 3389 1440 3469 dilleminatum

128 3498 228 3571 idum
253 3488 477 3567 ritriolicum
492 3534 509 3574 ‚-
533 3502 573 3558 ut
599 3485 638 3557 in
662 3486 807 3561 Minora
822 3504 958 3559 arenat.
983 3486 1150 3587 pluribus
1173 3490 1444 3589 experimentis

129 3648 138 3667 .
188 3594 359 3666 Secundo
384 3585 498 3662 limile
521 3584 666 3659 axioma
692 3580 928 3680 thyminum:
951 3587 1054 3682 quod
1076 3586 1221 3660 acidum
1248 3588 1441 3684 potentius¹

131 3694 187 3765 ori
204 3693 393 3764 materiam
409 3687 453 3761 ab
469 3684 542 3758 hoc
566 3684 767 3771 corrosamy
780 3682 983 3793 praeripiat.
1035 3685 1177 3775 Tertio3
1191 3678 1300 3759 thesis
1316 3681 1439 3764 fimilie

129 3788 290 3864 mentalis
306 3815 323 3859 ι·
348 3787 451 3884 quod
468 3783 612 3858 acidum
627 3780 809 3884 sulphuris
829 3780 888 3855 vel
903 3781 1046 3857 vitrioli
1065 3782 1178 3886 longe
1191 3785 1380 3885 potentius
1395 3782 1439 3863 fit

129 3913 168 3962 us
185 3888 271 3961 aliis.
675 3960 681 3967 ,

150 4002 206 4072 28.
236 3990 331 4058 llum
355 3982 402 4055 ita
429 4004 476 4052 ue
496 3981 633 4053 nitrum
653 3972 688 4053 a
709 3974 756 4052 sal
785 3998 991 4054 commune'
1012 3972 1233 4077 crystallina,
1258 3996 1438 4079 tanquam

129 4108 154 4159 *a
169 4110 214 4159 ex
231 4083 336 4158 acido
353 4004 498 4152 &iicali
515 4074 725 4166 constantia,
749 4080 1026 4181 conjurguntur
1040 4102 1127 4155 cum
1142 4080 1379 4181 corporibus,
1396 4079 1439 4153 in

142 4185 297 4261 acidum
313 4175 536 4254 vitriolicum
552 4176 694 4275 haeret3
718 4174 793 4348 hoLc
808 4194 985 4280 tanquam
997 4178 1196 4282 potentius,
1220 4179 1441 4351 ⁹⁰m⁰2fm

800 4298 826 4367 ῃ
1380 4294 1443 4351 σιν
