3502 4822
205 290 279 447 56
690 288 1002 395 Fundamenta
1014 288 1194 428 chymiae

206 514 297 575 nem
310 490 525 567 tentandam
546 486 666 565 utilis:
691 515 763 593 pro
777 492 924 567 medico
938 517 1030 571 vcro
1045 490 1109 569 usu
1127 513 1257 569 omnes
1274 488 1336 569 hae
1347 488 1605 595 praecipitat'ate
1633 488 1660 569 l‘

207 593 420 671 vomitoriae
433 589 524 676 sunt,
541 589 762 665 &Mercurii
775 593 860 666 vitae
874 592 1020 693 species.
1228 612 1231 619 ·
1325 674 1328 679 ,
1636 594 1660 643 '⁶³

302 700 336 779 ᾗ.
364 718 424 779 24.
451 694 547 763 Cum
572 710 663 763 vero
678 713 817 764 nomen
842 692 1020 767 Mercurii
1043 691 1128 764 vitae
1153 684 1329 763 hactenus
1351 686 1464 763 toties
1479 705 1610 781 octana¹
1644 765 1648 782 ,

205 788 389 863 rationem
412 785 520 885 hujus
558 786 831 889 appellationis,
865 814 952 865 cum
976 815 1023 866 ex
1048 787 1141 863 male
1169 784 1355 861 intelleslo
1381 786 1611 889 pracpartiari
1655 823 1660 839 ·

202 880 449 963 fundamento
479 902 559 959 tarta
580 882 639 977 lit,
664 905 706 961 ut
729 886 803 961 hoc
827 903 929 964 tanto
956 888 1087 965 melius
1111 882 1270 989 patefiat,
1293 908 1547 989 apponemus
1568 884 1613 961 Ρ(

202 984 366 1061 buerunt
385 982 616 1087 superiorum
642 1008 824 1060 annorum
851 988 1013 1085 chymici
1040 984 1115 1059 hoc
1141 985 1322 1081 butyrum
1347 1006 1422 1087 pro
1437 982 1613 1087 aliquopn

206 1082 320 1159 datto
336 1083 435 1173 diali,
460 1084 559 1159 unde
574 1079 640 1185 ipli
663 1107 804 1159 nomen
819 1086 891 1159 olei
920 1084 1096 1161 Mercurii
1117 1082 1353 1175 tribuerunt,
1379 1084 1559 1163 credente
1573 1080 1614 1159 bt·
1652 1088 1660 1140 ²

207 1204 296 1257 nam
311 1184 525 1297 portionem
538 1188 652 1257 totius
670 1186 844 1259 Mercurii
860 1182 1039 1261 sublimati
1053 1182 1123 1259 hac
1140 1181 1330 1257 additione
1352 1180 1613 1259 antimoniiiaa
1654 1223 1659 1235 ·

204 1278 281 1355 lem
296 1279 472 1379 liquidam
489 1280 721 1358 substantiam
736 1284 878 1387 redigi,
903 1283 992 1358 illud
1016 1304 1120 1371 vero,
1140 1281 1244 1381 quod
1269 1304 1318 1357 ex
1343 1278 1424 1355 hoc
1447 1274 1613 1379 butyrad

204 1376 282 1454 susa
312 1402 405 1478 aqua
440 1382 716 1482 praecipitetur,
746 1382 812 1457 ell’e
838 1384 1067 1459 Mercurium
1087 1380 1156 1456 hac
1181 1382 1407 1479 operatione
1431 1380 1482 1457 ita

205 1479 297 1554 riter
323 1479 571 1566 immutatum,
594 1481 693 1555 unde
718 1482 947 1557 Mercurium
962 1482 1048 1557 vitae
1073 1476 1316 1583 appellarunt,
1342 1484 1484 1555 avana
1520 1496 1615 1579 pean

205 1572 622 1748 gnorumdeffestuum,
652 1602 748 1679 quos
777 1596 915 1673 tamen,
928 1600 1064 1683 praeter
1095 1577 1274 1657 emeticos
1299 1574 1429 1655 nullos
1454 1574 1555 1657 babet
1569 1596 1619 1651 nt·

206 1692 353 1749 moratu
405 1702 414 1747 1
443 1696 522 1749 nos.

303 1778 396 1847 Vera
416 1696 543 1847 {utem
560 1773 637 1871 ejus
659 1770 808 1849 Genehs
829 1774 897 1867 est,
924 1776 1029 1876 quod
1055 1776 1199 1850 acidum
1207 1770 1386 1849 ssalinum
1412 1768 1619 1849 Mercuiaia

203 1870 284 1968 ejus
312 1868 567 1947 sublimatione
589 1872 794 1965 adhaerens,
821 1875 856 1949 8(
878 1900 963 1949 cum
986 1899 1032 1950 eo
1058 1874 1097 1949 in
1119 1868 1276 1963 solidam
1301 1870 1406 1947 illam
1429 1868 1619 1951 substant

204 1966 361 2061 salinam,
388 1970 437 2049 ob
461 1974 612 2047 nimiam
626 1969 731 2047 soluti
746 1974 998 2073 quantitatem,
1024 1970 1153 2049 siccam
1168 1988 1406 2061 concretum,
1462 1963 1616 2047 umora

204 2066 378 2143 miscetur
407 2070 685 2159 antimonium,
719 2072 792 2146 hoc
820 2074 1019 2165 corrodat,
1036 2076 1225 2169 'tanquam
1252 2067 1399 2163 facilius
1441 2060 1618 2157 niualem

203 2170 433 2271 Mercurium
450 2166 555 2243 suum
578 2170 739 2246 dimittat
754 2170 928 2247 haetenus
944 2188 1173 2249 contentum.
1222 2169 1336 2245 Unde
1361 2169 1403 2243 in
1419 2162 1618 2266 butyronl

202 2266 321 2344 monii
339 2265 430 2342 nihil
446 2270 646 2367 quicquam
664 2268 754 2343 inest
769 2270 961 2359 Mercurii,
987 2270 1051 2346 sed
1073 2268 1278 2344 Mercurius
1293 2268 1368 2345 hac
1384 2264 1465 2383 ipsa
1486 2260 1619 2346 malai

146 2442 159 2467 ⁸
202 2361 381 2441 corrosrvi
396 2362 587 2441 secelhone
610 2366 799 2459 liberatus,
825 2368 860 2445 8(
877 2366 1131 2455 revivificatus,
1155 2368 1346 2543 cumssre
1363 2366 1618 2443 anumoniiaaa

202 2462 332 2541 crescit
347 2467 386 2552 in
413 2464 657 2556 cinnabarim,
680 2491 764 2567 quae
782 2468 921 2567 majore
946 2468 1034 2571 igne
1060 2465 1242 2545 adhibito·
1284 2466 1417 2542 cendit
1435 2492 1446 2542 a
1468 2464 1562 2543 soluit
1579 2482 1618 2535 ru

203 2578 281 2645 tem
298 2560 378 2637 haec
394 2566 495 2638 acida
522 2562 712 2643 substantia
736 2590 813 2639 non
827 2584 950 2642 totum
966 2564 1232 2654 antimonium,
1257 2564 1320 2640 sed
1338 2584 1485 2647 tantum
1498 2564 1563 2663 ejus
1582 2582 1617 2635 ra
1654 2563 1658 2656 ξ

232 2661 367 2737 ulinam
412 2665 617 2753 ortionem,
642 2664 890 2767 &sulphurea
915 2667 1064 2756 evadit3
1087 2664 1186 2741 unde
1206 2662 1287 2739 haec
1311 2664 1429 2739 libera
1445 2654 1618 2767 &purast

238 2784 258 2836 a
281 2686 509 2861 inposerum
527 2766 754 2839 Mercurium
772 2760 836 2839 sabi
852 2765 1037 2866 objectum
1056 2763 1213 2851 invadit,
1239 2762 1275 2839 8(
1290 2786 1383 2839 cum
1400 2788 1449 2839 eo
1462 2766 1500 2839 in
1513 2778 1617 2838 noun

199 2857 449 2960 compositum
465 2860 676 2935 concrescit.

306 2959 412 3031 Unde
438 2960 476 3031 in
502 2956 739 3032 destillatione
763 2958 888 3058 butyri
914 2962 1106 3037 antimonii
1134 2982 1205 3035 una
1229 2957 1313 3032 vice
1340 2974 1502 3057 quatuor
1533 2954 1616 3031 aare·

203 3050 249 3129 sae
277 3077 300 3125 o
331 3055 510 3128 crationes
545 3073 792 3157 peraguntur,
816 3084 904 3134 nem
934 3060 1058 3135 eduae
1084 3055 1270 3146 diacrises,
1296 3056 1333 3133 8(
1359 3058 1446 3135 duae
1469 3047 1616 3155 syncrista

201 3078 407 3229 llislohlitur
439 3152 657 3254 compositio
691 3158 868 3234 Mercurii
900 3086 1105 3250 salblimati,
1137 3182 1184 3233 ex
1208 3156 1316 3231 acido
1340 3154 1422 3231 salis
1446 3152 1617 3233 communi

196 3252 432 3335 Mercurium
458 3251 646 3328 corrosum
671 3270 820 3331 tenente
846 3257 880 3331 8(
905 3280 991 3331 cum
1014 3281 1060 3331 eo
1086 3252 1328 3355 crystallisato,
1353 3254 1391 3331 8(
1417 3256 1492 3332 hoc
1515 3252 1617 3331 eodta

201 3354 389 3427 Mercurio
412 3351 581 3442 corrosa,
605 3354 783 3429 constans.
833 3353 1020 3432 Dissolutio
1038 3355 1118 3431 haec
1146 3354 1203 3444 sit,
1232 3354 1418 3452 quatenus
1434 3352 1617 3433 acidumia

199 3453 301 3528 vadit
317 3471 439 3552 partes
456 3452 638 3555 regulinas
659 3453 870 3543 antimonii,
897 3454 932 3529 8(
958 3454 1007 3529 ita
1029 3456 1259 3529 Mercurium
1283 3450 1462 3529 hasienus
1480 3451 1541 3531 libi
1562 3448 1617 3529 aaa

199 3552 337 3625 clatum
363 3551 593 3649 derelinquit.
643 3551 849 3626 Dissolvitur
875 3550 1095 3653 compositio
1124 3550 1345 3641 antimonii,
1373 3556 1479 3653 quod
1503 3578 1548 3629 ex
1567 3546 1618 3627 suh

200 3646 328 3723 stantia
358 3649 532 3723 metallica
555 3649 776 3749 incompleta
800 3650 835 3725 8(
860 3650 1032 3753 sulphure
1058 3650 1249 3726 communi
1275 3650 1439 3743 constat,
1461 3654 1548 3729 dum
1572 3650 1618 3725 hot

200 3744 322 3846 ipsum
350 3748 496 3823 acidum
524 3746 603 3821 illas
628 3748 823 3823 metallicas
857 3768 979 3851 partes
1006 3756 1026 3823 a
1059 3748 1240 3851 sulphuris
1276 3750 1549 3827 adhaerentibus
1570 3766 1619 3825 noa

200 3846 322 4015 modp
335 3842 485 3937 abradit,
510 3846 571 3921 sed
597 3848 706 3921 ctiam
722 3866 968 3949 vaporctenus
991 3846 1113 3924 secum
1129 3845 1233 3933 tollit,
1255 3848 1292 3923 8(
1318 3850 1358 3924 in
1383 3874 1448 3927 vas
1473 3852 1620 3953 recipito

200 3958 300 4020 tram
318 3960 384 4015 ert.

300 4052 329 4133 a.
354 4064 409 4133 25.
437 4046 533 4115 Cum
548 4044 695 4117 interim
713 4041 1013 4147 precipitatione
1029 4044 1198 4122 inciderit
1207 4048 1364 4136 mentio,
1381 4048 1418 4123 8(
1433 4046 1538 4153 supra
1549 4052 1624 4149 (pag-

209 4162 266 4223 (ο.
280 4150 308 4231 §-
323 4144 395 4231 13.)
420 4140 716 4239 Magisteriorum
738 4163 875 4217 nomen
898 4140 1033 4217 tastum
1056 4142 1184 4234 fuerit,
1212 4170 1288 4220 non
1312 4146 1503 4247 possumus
1551 4162 1624 4223 tut*

201 4237 275 4319 cire
290 4234 499 4345 Magisteria
515 4235 561 4317 lic
580 4240 674 4321 ditia
699 4236 871 4337 resinosa,
896 4264 932 4315 v.
960 4264 997 4347 g.
1023 4240 1176 4353 jalappae
1201 4242 1502 4339 &semmaath
1522 4172 1625 4324 haar

1561 4364 1624 4447 quo
