3502 4822
167 346 239 472 48
606 326 1093 463 Fundamentattymtae

171 526 360 603 vescit·seu
381 525 489 603 saiino
508 523 569 603 seu
588 520 725 602 ter'rao.
774 526 845 623 (ς.)
869 524 977 625 Qud
998 518 1147 598 effe-stus
1170 518 1320 623 praestat
1350 542 1395 593 co
1417 519 1564 611 nunnu-

165 628 289 701 Omne
311 627 455 701 acidunt
468 628 628 701 mixtum
641 650 727 699 cum
743 623 841 733 aleali
856 643 981 735 terren
993 678 1002 711 ‚
1027 644 1062 695 v.
1079 644 1117 730 g.
1143 618 1213 793 ΙἻ).
1239 636 1293 705 03.
1319 542 1450 731 congii.
1474 644 1566 724 μη,-

166 744 274 798 matr.
293 723 383 825 peri.
405 723 492 799 illud
508 722 613 798 solvit
631 728 716 797 edm
733 718 1022 809 effervescentia,
1043 718 1083 793 dt
1098 718 1174 793 aaa
1202 734 1394 799 converet
1405 720 1443 793 in
1454 715 1565 817 stim

169 844 280 909 rum,
313 823 409 896 unde
443 822 482 895 in
514 821 806 925 pharmacopaeis
832 818 1028 895 solutiones
1061 816 1135 917 lap.
1156 830 1203 927 Β
1250 815 1379 893 curati.
1414 817 1476 893 &e
1510 838 1565 921 pte

2 990 5 1005 ,
86 924 89 929 ’
169 916 273 995 stant.

263 1020 384 1091 Omne
405 1018 551 1093 acidum
574 1018 734 1092 mixtum
758 1038 844 1089 cum
863 1012 930 1089 sale
946 1008 1044 1087 aleali
1062 1009 1136 1087 into
1154 1006 1405 1087 seutixivioso
1423 1008 1499 1086 alud
1513 1029 1566 1085 tet·

164 1112 215 1190 tit
231 1115 269 1188 in
284 1112 329 1188 sal
342 1116 508 1191 medium
523 1115 584 1189 seu
599 1130 769 1189 neutrum
786 1168 795 1202 ,
823 1112 858 1186 dt
875 1124 988 1213 prout
1002 1110 1147 1184 acidum
1163 1108 1245 1185 hoc·
1258 1106 1447 1185 divertunt
1460 1106 1520 1197 eit,
1534 1104 1583 1193 fit,

169 1212 359 1312 prodeunt
384 1212 523 1301 diversa
544 1212 647 1301 salia:
678 1208 727 1286 sac
750 1208 897 1314 spiritus
918 1208 1008 1285 nitri
1035 1232 1125 1294 cum
1147 1208 1215 1295 saie
1249 1208 1379 1283 tartari
1404 1202 1505 1287 efficit
1525 1202 1567 1297 sd,

164 1310 271 1413 quod
285 1306 545 1388 inflammabile
557 1310 625 1401 est,
649 1310 683 1384 &
701 1306 818 1411 figura
834 1308 969 1411 gaudet
984 1303 1211 1407 pyramidali.
1263 1306 1425 1407 Spiritus
1434 1304 1565 1385 salumit-

165 1421 227 1481 tus
241 1432 271 1482 c.
287 1409 411 1481 tartari
425 1408 490 1484 sale
507 1465 516 1499 ‚
544 1406 720 1484 efficient
738 1431 873 1485 cumin
892 1406 1046 1508 figuram
1062 1405 1199 1479 habens
1216 1404 1402 1479 cubicam.

264 1509 385 1580 Omne
398 1508 551 1593 ,aeidum
560 1508 719 1582 mixtum
736 1530 821 1579 cum
831 1504 898 1579 sale
906 1502 1042 1579 volatili
1057 1500 1168 1577 efficit
1182 1501 1230 1577 sal
1246 1496 1486 1589 armonieaie,
1498 1496 1569 1599 qnod

167 1600 220 1687 est
231 1600 903 1689 sublimabile&faciieavolatinauras,
954 1608 1074 1682 Omne
1090 1602 1236 1677 acidum
1252 1595 1569 1703 praecipitatsa'ngai

165 1724 271 1787 nem,
289 1700 358 1792 lac,
382 1700 613 1792 emulfiones,
639 1705 723 1802 quia
733 1700 918 1803 particulis
927 1699 1149 1805 oblongisad
1158 1716 1310 1781 motum
1319 1696 1569 1807 ineptismottn

165 1796 788 1889 intestinumfluidorumctaiforum
804 1798 938 1875 iistunt.

266 1900 398 1972 Omnia
409 1900 508 1974 acida
521 1901 658 1976 mirum
669 1898 765 1973 inter
776 1896 810 1973 se
828 1894 1020 1987 differunt,
1046 1891 1092 1971 tic
1107 1894 1254 1971 acidum
1266 1907 1408 1993 praeter
1443 1888 1568 1967 nticula

161 1992 1087 2111 acuitiscontinetetiamiitlphureasinflammabiles.
1126 1991 1307 2093 inspiritu
1327 1990 1406 2069 saec
1452 1992 1569 2069 rism-

170 2090 230 2183 ni‚
246 2095 738 2197 quodpruditinprincapio,
756 2094 1040 2193 quodammado
1052 2088 1315 2167 inflammatur.
1369 2088 1569 2165 ladem

168 2212 255 2264 cum
264 2190 331 2266 sale
341 2194 464 2273 tartari
474 2196 631 2269 mixtum
641 2192 1027 2283 constituittaatarunt„
1047 2192 1116 2291 qui
1127 2190 1250 2271 denuo
1260 2182 1569 2287 deffinantsp'u

161 2300 245 2362 tum
254 2290 574 2371 acidumuoleum
584 2288 724 2383 fundit,
749 2286 939 2371 manifesto
950 2290 1085 2367 indicio
1094 2287 1232 2363 latitare
1242 2284 1568 2387 etiaminacido'pa·

161 2384 289 2475 ticulas
309 2386 519 2491 sulphureas
536 2388 682 2477 olcosas.
734 2391 889 2493 Spiritus
908 2390 994 2465 nitri
1014 2382 1375 2485 multum-saphara
1397 2378 1568 2460 inseeaati

158 2502 236 2559 net.
288 2487 385 2564 Hinc
409 2492 545 2565 mixtus
570 2514 655 2563 cum
680 2486 748 2563 sale
774 2490 898 2564 tartari
923 2488 982 2562 vel
997 2484 1317 2573 salearmoniaco,
1342 2478 1568 2587 praebetsdin·

161 2576 408 2665 flammabiie:
430 2585 575 2688 spiritus
589 2585 724 2661 vitrioli
741 2611 826 2660 cum
844 2586 971 2688 spiritu
990 2586 1067 2659 vini
1088 2578 1385 2658 rectificatiffimo
1396 2592 1524 2683 ‘nuptus
1544 2572 1569 2649 dt

161 2678 366 2774 destinatus,
379 2683 552 2783 relinquit
575 2708 748 2785 magnam
773 2688 1013 2783 quantitatem
1040 2679 1148 2785 ipsius
1171 2697 1303 2771 terrae,
1330 2679 1458 2761 oleum
1480 2694 1570 2753 autem

162 2778 300 2853 vitrioli
314 2784 495 2881 majorem
514 2780 622 2885 ipfius
636 2772 784 2881 ‘copiam
802 2784 920 2858 adhuc
937 2783 1112 2857 continet.
1551 2867 1558 2886 ι

255 2880 409 2975 Spiritus
424 2882 515 2954 acidi
531 2883 634 2977 quod
650 2877 835 2971 differant,
860 2898 960 2981 patet
986 2880 1139 2967 exinde,
1192 2878 1252 2953 uia
1267 2874 1462 2951 vitrioltun
1475 2874 1571 2951 Mau

153 2994 243 3081 eum
254 2970 381 3081 spiritu
391 2978 475 3050 nitri
485 2995 652 3077 paratum
660 2976 816 3069 flavum,
837 2976 993 3055 fluidum
1005 2902 1574 3079 est‚&va(ideadstringens,ntque

158 3088 198 3139 ιιι
221 3067 485 3147 conitstentiam
506 3075 626 3177 redigi
645 3072 783 3176 potest;
805 3103 890 3151 cum
912 3076 1039 3177 spiritu
1062 3073 1137 3149 salis
1153 3072 1370 3149 confestum
1397 3072 1509 3151 album
1528 3064 1574 3153 eii.

157 3188 227 3240 nec
235 3162 339 3241 facile
354 3171 583 3271 coagulatur,
609 3172 671 3249 sed
688 3173 957 3274 promptissimc
974 3175 1048 3250 abit
1060 3174 1098 3245 in
1111 3172 1336 3270 deliquium,
1364 3170 1572 3273 quodnam

154 3262 283 3441 liziaitu
299 3254 434 3345 vittioli
452 3290 619 3371 paratum
638 3330 647 3363 ‚
683 3271 801 3345 viride
815 3272 892 3365 est,
931 3274 1021 3349 &in
1044 3270 1229 3369 crystallus
1244 3272 1408 3371 majores
1425 3292 1465 3347 ac
1479 3264 1573 3345 firnn

158 3387 179 3439 a
208 3383 245 3439 tt.
1003 3404 1008 3417 ·

253 3466 394 3555 Porro,
447 3466 522 3539 uod
538 3466 630 3541 acidi
647 3464 792 3567 spiritus
812 3462 984 3542 differant
999 3523 1009 3557 ,
1034 3466 1168 3545 exinde
1196 3480 1300 3565 patet
1325 3488 1495 3571 quoque,
1512 3458 1570 3561 qui

151 3555 298 3658 l'piritus
314 3490 450 3645 vitrioii
468 3587 544 3645 non
571 3562 676 3651 solvit
701 3562 843 3653 lunam,
867 3563 1012 3665 spiritus
1038 3563 1114 3639 salis
1133 3562 1191 3639 vel
1212 3586 1309 3667 aqua
1330 3564 1431 3667 regis
1456 3580 1568 3644 auum·

153 3680 229 3729 non
244 3660 514 3751 autentiunam,
537 3659 681 3763 spiritus
692 3662 778 3735 nitri
790 3662 846 3735 vei
857 3686 947 3761 aqua
957 3660 1061 3737 i‘ortis
1072 3662 1215 3753 lunam,
1239 3685 1319 3736 non
1329 3676 1567 3739 antemnarum·

153 3754 188 3827 8(
205 3752 347 3855 spiritus
362 3758 449 3841 nitri
475 3758 533 3831 vel
560 3780 651 3856 aqua
676 3757 783 3834 fortis
801 3759 1083 3835 indestillationc
1111 3758 1172 3834 seu
1189 3758 1376 3835 solutione
1398 3760 1432 3835 u
1451 3754 1566 3835 effern-

155 3848 287 4025 if'eentia
303 3850 448 3929 fumum
464 3856 710 3931 rubicundum
728 3858 888 3951 emittit,
913 3860 1017 3959 quod
1033 3882 1100 3933 nec
1118 3857 1265 3959 spiritus
1283 3854 1364 3933 (alis
1383 3880 1451 3933 nec
1464 3848 1564 3933 vind

172 3970 251 4035 aen,

245 4046 338 4123 Salia
352 4048 507 4124 volatilia
518 4051 621 4146 quod
630 4048 815 4145 differant,
820 4070 936 4233 (fatet
944 4078 990 4129 ex
998 4050 1140 4128 diverso
1150 4050 1284 4139 effectu
1299 4056 1338 4131 in
1346 4056 1491 4131 morbis.
1503 4048 1558 4123 dau

847 4198 859 4229 l

148 4140 288 4247 singula
306 4142 470 4247 specifica
487 4150 625 4227 virtute
642 4146 725 4233 fiant
741 4178 818 4261 prae
861 4180 920 4247 u,
944 4149 992 4233 iic
1007 4148 1053 4229 sad
1068 4148 1215 4231 volatile
1232 4156 1423 4261 anagninis
1440 4138 1557 4231 &tufi

1471 4248 1555 4327 aaa
