3472 4822
262 330 329 461 38
460 291 486 405 ἵ
733 309 1033 417 mauman
1050 312 1222 450 cayna

326 557 329 564 -
358 511 467 588 Unde
475 507 645 588 resultant
653 507 1002 615 paradoxaPhysicae
1011 516 1218 588 communis
1227 504 1549 611 sequentia3Calor
1561 528 1642 582 non
1651 506 1702 582 est

262 605 443 687 ltflamma
456 609 698 698 materialiter,
712 610 774 688 sed
786 609 1007 700 formaliter,
1023 609 1129 687 Calor
1137 638 1213 687 non
1223 610 1274 686 est
1285 613 1462 701 accidenr,
1472 606 1535 681 sed
1543 604 1703 683 substan·

261 710 311 784 tia
325 736 335 796 3
351 730 429 783 non
447 710 601 815 Qalitas
618 733 637 787 a
657 713 825 815 Corpore
848 707 1022 803 distinsta,
1047 709 1107 784 sed
1130 710 1248 813 ipsum
1271 731 1336 783 cor
1364 734 1432 796 us·,
1452 704 1617 782 Flamma
1631 704 1705 808 plu

260 803 391 881 Calore
399 809 607 883 vicinorum
616 830 818 910 corporum
828 807 1022 883 excitando
1031 804 1170 900 sufficit,
1179 828 1219 884 ut
1233 808 1290 885 illa
1305 737 1429 885 saliem
1444 807 1611 906 attingat,
1633 822 1706 893 nee
1723 810 1727 817 '

262 925 358 1006 opus
371 903 433 1078 esp,
451 925 491 980 ut
504 909 542 982 in
556 905 820 1006 illaquicquam
837 907 884 981 de
900 902 952 980 sui
968 911 1118 983 materia
1133 912 1285 997 emittat,
1302 905 1365 983 led
1380 904 1497 980 solum
1514 903 1560 977 de
1571 897 1704 1006 forma,

288 1025 378 1078 uaee
423 1020 557 1080 motus.

261 1026 292 1117 q'
361 1112 390 1194 ξ.
419 1128 450 1196 5.
473 1099 644 1189 affertos,
653 1123 724 1202 pro
735 1124 812 1200 quo
829 1100 1033 1176 obtinendo
1048 1103 1148 1205 Ignis
1160 1098 1223 1176 seu
1237 1100 1344 1179 Calor
1361 1103 1400 1176 in
1414 1096 1519 1174 usum
1535 1119 1703 1195 vocatur,

111 1178 119 1206 ¹
260 1197 495 1275 immediatus
505 1197 690 1273 eslMotus
702 1201 863 1315 partium
871 1200 1240 1297 concretiintestinus,
1250 1200 1508 1299 continuitatis,
1526 1197 1704 1310 &itaspe

261 1292 374 1373 cificae
392 1297 683 1390 combinationis,
699 1323 839 1401 prunus
853 1296 1049 1375 dissolutor.

234 1489 238 1495 ἡ
357 1396 539 1470 Mediatus
553 1393 690 1472 Caloris
702 1394 872 1489 effertus,
901 1398 965 1496 qui
993 1421 1012 1472 a
1031 1411 1136 1474 motu
1153 1399 1243 1472 aeris
1263 1393 1455 1471 ambientis
1469 1386 1703 1503 progressive

259 1489 421 1567 multum
439 1495 593 1594 juvatur,
619 1493 671 1569 est
685 1494 944 1597 particularum
962 1498 1126 1572 concreti
1141 1497 1378 1570 minimarum
1394 1509 1592 1596 repentina
1605 1516 1703 1594 quao-

260 1588 348 1664 dam
356 1591 599 1682 Combinatio,
614 1618 724 1694 praec.
736 1618 827 1669 vero
843 1594 1102 1708 particularum
1112 1594 1275 1668 concreti
1293 1588 1514 1695 singularum
1530 1593 1571 1666 in
1585 1583 1704 1773 Bm

260 1685 297 1762 8(
306 1686 405 1763 mole
414 1688 466 1766 sui
478 1693 733 1767 Attenuatio&
747 1694 970 1784 Imminutio,
988 1691 1033 1770 ab
1043 1694 1241 1770 earundem
1254 1693 1388 1783 attritu,
1402 1709 1527 1766 motus
1542 1689 1601 1765 int
1655 1691 1663 1708 '

259 1785 482 1888 pedissequo,
499 1791 546 1866 de
575 1790 725 1865 endens.

357 1898 386 1983 ς.
414 1896 447 1964 6.
472 1891 524 1963 Ut
546 1815 723 1963 lactentis
750 1886 934 1964 distorum
957 1885 1105 1986 aliquod
1132 1885 1355 1990 Exemplum
1381 1898 1515 1990 pateat,
1536 1881 1701 1990 respicio

259 2002 344 2058 mus
361 1986 486 2089 primo
508 1985 749 2077 illationem,
775 1988 877 2086 cujus
901 1985 1148 2087 phaenomena
1168 1984 1251 2061 sunt
1266 1984 1453 2085 sequentia
1473 2008 1483 2056 i
1507 1987 1616 2085 Aqui
1636 1985 1700 2059 ini·

260 2082 421 2175 mittitur
438 2086 477 2158 in
492 2105 555 2157 vas
566 2081 721 2159 solidum
729 2083 810 2160 satis
829 2082 951 2173 altum,
971 2084 1019 2157 ita
1040 2105 1174 2173 tamen,
1190 2101 1233 2159 ut
1251 2083 1452 2186 plurimum
1469 2079 1592 2157 adhuc
1607 2080 1642 2158 a
1655 2079 1701 2157 ul

258 2180 457 2255 minimum
474 2199 546 2257 tres
582 2197 693 2257 uartae
701 2179 789 2257 vasis
805 2181 912 2282 hujus
926 2186 1008 2256 a'e're
1017 2180 1166 2281 repletae
1179 2179 1266 2268 smt3
1285 2203 1349 2255 vas
1357 2180 1431 2255 hoc
1439 2176 1597 2278 superne
1610 2179 1702 2283 tegi·

256 2291 347 2352 tura
376 2294 415 2354 to
425 2279 505 2371 alio,
514 2303 565 2380 po
624 2276 947 2356 aecinferiorivasis
985 2282 1051 2355 arti
1064 2303 1196 2398 aquam
1204 2279 1414 2356 immediate
1426 2280 1633 2354 continenti
1641 2296 1699 2380 tp·

286 2372 354 2451 lica
423 2380 520 2480 ignis
530 2399 590 2451 aut
605 2375 703 2451 calor
718 2405 727 2450 ε
747 2380 890 2454 Exinde
909 2306 1026 2453 califit
1044 2403 1167 2481 primo
1177 2403 1240 2454 vas
1253 2375 1375 2481 ipsum
1392 2379 1435 2473 in
1448 2375 1518 2453 hac
1535 2399 1578 2451 re
1609 2377 1698 2465 'one

257 2400 393 2548 ¹tieinde
400 2474 523 2573 liquor
532 2491 749 2548 contentus:
768 2474 1020 2548 incalescentia
1028 2473 1096 2548 hac
1104 2475 1331 2576 augescente,
1340 2397 1698 2646 pedetentimff'quor

259 2570 299 2645 in
318 2571 502 2672 particulis
512 2569 626 2646 oculis
636 2595 711 2645 non
720 2567 941 2648 sensibilibus
956 2570 1412 2674 dispergitur&evehitur,
1429 2569 1542 2673 usque
1555 2572 1604 2650 ad
1625 2593 1698 2645 um·

259 2668 428 2744 mitatem
440 2665 540 2758 vasis,
557 2668 618 2744 ubi
629 2667 686 2744 hae
733 2666 890 2744 articulae
903 2668 1101 2771 parietibus
1121 2668 1223 2746 allisae
1241 2672 1365 2747 denuo
1382 2686 1645 2750 coaoervantur
1668 2667 1698 2750 ἃ

260 2764 429 2875 inguttas
449 2766 680 2870 colliguntur,
695 2695 831 2866 §aqua
846 2791 941 2842 nova
953 2765 1045 2840 sunt.

358 2867 495 2941 Modus
504 2862 615 2943 fiendi
623 2862 823 2942 secundum
832 2864 1160 2941 haecPhaenomena
1168 2861 1322 2966 sequens
1332 2862 1514 2968 esttlgnia
1522 2860 1698 2952 autcalor,

254 2962 324 3041 ie.
334 2960 530 3044 multitudo
539 2981 741 3069 corporum
749 2963 1033 3053 astumotorum,
1043 2966 1214 3039 movet&
1232 2963 1387 3066 impellit
1401 2963 1491 3042 valis
1509 2962 1616 3042 solidi
1622 2984 1697 3067 par

207 3133 213 3141 .
258 3060 386 3138 ticulas
400 3063 659 3141 constituentes
668 3068 846 3156 minimas,
862 3066 921 3140 hae
928 3066 977 3139 ita
994 3059 1156 3165 impulsat
1178 3065 1316 3165 agitant
1328 3060 1521 3167 particulas
1532 3058 1699 3139 contenti

258 3155 422 3260 liquoriS,
438 3162 496 3238 hae
503 3160 587 3266 ipsae
599 3166 735 3266 partim
744 3171 867 3238 ae'rem
875 3165 913 3237 in
929 3160 1011 3238 vase
1025 3175 1243 3238 contentum
1255 3159 1458 3264 impellunt,
1472 3162 1611 3276 partim
1624 3181 1697 3233 mo·

172 3302 176 3308 ,
258 3254 360 3333 tusui
368 3258 537 3339 intestino
547 3264 676 3337 attritae
687 3262 778 3338 illius
794 3279 942 3336 motum
956 3276 1102 3363 augent,
1129 3284 1205 3359 quo
1223 3257 1302 3363 ipso
1319 3266 1381 3335 aer
1399 3259 1583 3362 partimin
1594 3259 1697 3334 mini·

259 3354 361 3435 miss
380 3359 390 3432 i
426 3361 533 3436 artim
545 3355 797 3438 flusluantera
825 3362 932 3438 itatus
951 3357 1143 3461 particulas
1161 3381 1292 3458 aqueas
1308 3354 1473 3460 copiosas
1485 3353 1610 3432 secum
1628 3351 1701 3431 col

258 3450 369 3547 luite
405 3482 479 3556 que
495 3455 623 3558 susque
639 3459 760 3559 deque
777 3384 901 3540 sigeum
917 3454 1139 3547 circumfert,
1163 3460 1284 3535 donec
1299 3451 1480 3559 superiori
1495 3449 1586 3530 vasis
1603 3452 1698 3560 parti

258 3547 792 3656 frigidiori&astuinminimis
800 3559 921 3632 minus
929 3572 1043 3632 motae
1051 3552 1243 3655 vasisparti
1252 3549 1473 3644 affricentur,
1483 3574 1699 3630 coacerven-

257 3650 580 3742 tui,&hoc1nod0
598 3657 720 3731 denuo
739 3659 825 3753 inA·
847 3670 1042 3758 gregatum
1058 3675 1226 3750 aqueum,
1243 3655 1406 3743 Guttam,
1421 3650 1504 3728 colli
1643 3707 1653 3727 .

351 3760 385 3836 s.
412 3774 448 3854 7.
472 3749 547 3827 Ubi
560 3754 765 3828 notandum
779 3682 1035 3853 reiatinssgne
1052 3749 1161 3849 hujus
1177 3751 1402 3849 operationis
1417 3753 1471 3826 Co
1513 3748 1699 3855 celarium,

258 3848 362 3960 quod
370 3847 548 3925 nimirum
560 3871 651 3949 aqua
660 3846 725 3925 sim
752 3847 1012 3928 lexetiamhac
1026 3847 1250 3948 operatione,
1263 3846 1588 3954 Qlationesaepius
1596 3872 1699 3952 repo

233 3957 334 4034 uta,
342 3970 412 4049 per
420 3947 584 4025 attritum
593 3950 710 4050 partic
749 3971 853 4025 arum
862 3947 913 4020 sui
921 3947 1158 4024 minimarum
1171 3947 1208 4019 in
1217 3946 1420 4021 maximum
1428 3947 1616 4024 tenuitatis

258 4041 349 4117 dum
361 4047 495 4122 deduci
528 4063 623 4138 ueat,
637 4061 679 4122 ut
687 4072 765 4124 non
773 4062 917 4122 tantum
932 4042 1045 4148 longe
1061 4041 1241 4119 volatilior
1256 4041 1317 4122 seu
1333 4044 1507 4127 mobilior
1521 4047 1608 4121 inde
1655 4059 1699 4140 at,

256 4135 418 4220 sed&eo
427 4069 629 4224 subtilitatis
638 4145 750 4239 abeat,
767 4158 809 4219 ut
829 4141 993 4247 ipsorum
1009 4144 1190 4217 vitrorum
1206 4141 1436 4219 substantiam
1451 4141 1700 4226 insensibiliter

254 4241 571 4353 quuiuuuspiret,
582 4239 831 4329 autonnofide
840 4266 920 4326 noo
928 4241 1170 4361 indignorum
1178 4240 1400 4358 testimonio.
1612 4351 1631 4438 ς
1668 4353 1697 4429 g
