3502 4822
158 274 237 404 94
641 240 1151 375 ‚Faradamemactymtae

265 450 294 533 a,
324 466 353 530 3.
372 440 439 515 Fit
454 456 577 531 autem
592 437 770 542 separatio
786 458 872 527 ,tum
890 440 1020 522 oleosae
1035 438 1227 544 spillioris,
1253 457 1340 529 tum
1356 442 1537 538 resinosa,
1555 472 1587 538 er

166 558 270 643 parte
296 541 407 622 etiam
423 537 559 629 saliuae,
582 539 843 645 vegetabilium
862 542 975 641 partis
1000 540 1177 627 irrto'rma
1193 538 1309 617 lluida
1326 568 1399 645 per
1421 544 1591 623 destillatio·

166 664 265 722 nem.
314 643 404 715 Haec
422 639 605 727 ordinarie
624 640 815 751 peragitur
833 641 1024 719 inretorto
1039 640 1096 715 vel
1110 640 1199 743 igne
1216 663 1365 733 arenae,
1391 640 1418 717 li
1433 644 1591 728 minurb

162 736 358 837 quantitas,
385 738 419 812 8(
435 740 561 838 portio
573 740 730 827 ,relanoln
746 736 907 819 abundet
924 766 935 827 ς
967 738 1027 815 vel
1043 740 1157 829 nudo,
1173 762 1245 841 per
1258 742 1403 844 gradus
1415 757 1537 821 tamen
1553 770 1593 825 to

164 833 555 941 gendolrsubjctlum
569 855 696 913 contra
716 836 752 911 se
767 836 908 911 habeat.
1170 842 1174 851 '

159 944 163 953 “
261 936 509 1029 ‚communius
537 960 578 1013 ac
603 934 763 1011 usitatius
783 934 871 1019 huic
900 933 1107 1037 operationi
1138 931 1390 1037 subjiciuntur
1415 936 1518 1044 ligna
1540 940 1598 1019 reli-

166 1028 320 1123 noirora,
343 1035 501 1137 garajaci,
528 1034 698 1125 lillafras,
722 1034 898 1135 juniperi,
919 1032 1036 1131 coryli
1054 1056 1207 1132 quoque
1224 1034 1261 1109 8(
1286 1036 1403 1127 brairi,
1432 1064 1503 1143 pro
1524 1039 1596 1117 hera

167 1130 314 1207 clino&
334 1134 508 1247 anodpno
530 1136 612 1209 oleo
632 1133 810 1225 Rulandi;
835 1152 917 1207 tum
933 1130 1142 1235 etiamipsae
1165 1128 1304 1223 relinet,
1328 1134 1593 1229 succinumua

164 1228 252 1321 stix,
278 1233 423 1333 gummi
447 1236 738 1324 ammoniacum,
764 1231 953 1322 ladanum,
976 1228 1085 1309 elemi
1099 1230 1168 1311 dee.
1192 1230 1276 1317 ,imo
1293 1236 1398 1309 inter
1423 1234 1593 1314 succorio

163 1328 373 1433 spissatus&
395 1330 532 1409 horum
554 1331 732 1432 prudntia
752 1348 932 1421 terrama,
956 1326 1187 1417 saccharum,
1213 1330 1309 1411 mel,
1337 1358 1503 1427 manna,
1523 1360 1596 1413 ceu:

163 1430 212 1505 ita
225 1452 378 1539 quoque
391 1426 536 1531 spiritus
554 1432 588 1509 8(
605 1432 729 1506 oleum
750 1454 797 1518 err
821 1427 899 1531 ipso
916 1452 1012 1532 pane
1029 1426 1261 1601 propellitur.

258 1540 286 1617 §.
312 1554 347 1621 4.
373 1530 520 1607 Horum
543 1524 772 1631 ‚singulorum
792 1526 998 1605 ,tlellillandi
1021 1542 1099 1610 met
1128 1528 1240 1615 odus,
1265 1523 1358 1602 licet
1381 1530 1520 1619 eodem
1538 1531 1596 1620 tale

165 1648 207 1701 ac
224 1628 309 1727 igne
325 1622 405 1712 liat,
433 1651 503 1726 pro
517 1630 691 1703 varietate
707 1625 953 1727 tabjeoorun
968 1641 1096 1701 tamen
1117 1624 1289 1700 nonnihil
1302 1630 1440 1705 variat.

235 1727 238 1733 '
260 1725 379 1821 Ligna
395 1726 498 1823 quod
516 1726 693 1801 attinet&
718 1746 917 1815 tanarum,
943 1722 1088 1839 poliunt
1103 1722 1184 1801 haee
1209 1720 1437 1823 limpliciter
1453 1728 1495 1811 in
1510 1747 1596 1805 retor-

162 1834 209 1913 ta,
233 1818 258 1895 fi
274 1806 398 1897 minor
415 1820 457 1901 lit
473 1828 671 1921 quantitas,
695 1824 820 1913 vitrea,
839 1821 863 1899 li
887 1846 1016 1926 major,
1037 1822 1226 1923 terreain
1241 1820 1301 1897 illa
1319 1822 1415 1927 igne
1430 1830 1596 1915 arcuatia

160 1920 230 1995 hac
248 1922 368 2009 nudo,
394 1924 559 2023 exponi,
585 1925 633 1998 ita
657 1924 896 2027 pededentim
919 1920 1025 1999 audo
1047 1921 1059 1995 i
1089 1946 1135 1995 ne
1162 1920 1291 2025 primo
1320 1942 1446 2025 guttae
1470 1924 1595 2025 aquosa,

161 2019 308 2095 etiami
332 2018 431 2097 liceis
449 2020 515 2097 illis
539 2022 665 2125 lignis,
691 2048 759 2123 per
774 2038 950 2101 retortam
965 2022 1060 2097 trani
1080 2019 1197 2108 flant,
1223 2044 1313 2119 quae
1333 2024 1500 2129 proinde
1521 2048 1596 2101 eon·

160 2120 273 2196 mode
288 2142 395 2195 arena
419 2120 567 2221 prorl'us
590 2122 759 2197 obruitur
775 2146 816 2201 us
846 2144 890 2195 ue
915 2120 960 2195 ad
982 2118 1129 2210 collum,
1148 2134 1195 2194 n'e
1209 2140 1337 2221 vapor
1355 2122 1514 2223 equolirs
1535 2119 1598 2199 aaa

160 2242 273 2318 quam
282 2218 406 2322 inipso
415 2218 511 2295 collo
521 2218 756 2297 concrelcere
764 2144 976 2321 pollit,saepe
986 2219 1086 2293 enim
1095 2214 1238 2321 guttula
1247 2216 1481 2321 talisaquosa
1489 2222 1598 2311 inerui-

160 2334 271 2397 trente
285 2334 389 2421 parte
403 2336 552 2395 retorta·
570 2320 633 2395 diu
655 2318 781 2407 haeret,
807 2316 926 2399 calore
941 2318 1091 2395 interim
1112 2314 1375 2407 invalescente,
1397 2322 1484 2420 (qui
1496 2323 1603 2399 intre·-

159 2422 207 2493 na'
225 2416 425 2499 recondunt
446 2416 554 2519 hujus
571 2418 779 2494 altitudines
799 2417 936 2507 variat,
965 2419 1004 2492 in
1030 2414 1149 2493 fundo
1182 2414 1338 2519 capellae
1354 2416 1596 2509 intensrllinua

160 2516 251 2591 dum
268 2517 304 2589 in
327 2514 515 2617 superficie
532 2517 651 2593 adhuc
668 2517 756 2593 levis
775 2516 845 2609 est)
869 2516 903 2590 8(
928 2516 995 2606 ita,
1024 2534 1161 2591 retorta
1181 2515 1301 2589 vitrea
1320 2516 1360 2589 in
1375 2516 1501 2597 frando
1515 2515 1595 2593 valde

159 2611 377 2706 fervefatla,
403 2640 449 2689 ex
478 2613 679 2718 improviso
703 2614 823 2691 narsus
848 2616 1022 2690 decidens
1050 2612 1205 2691 lilluram
1230 2612 1326 2689 valis
1356 2638 1467 2693 certo
1493 2614 1594 2693 infert:

159 2730 339 2816 praetcrea
360 2718 469 2789 etiam
497 2717 616 2817 iplarm
635 2714 770 2790 collum
793 2731 940 2790 retortae
960 2716 1008 2789 ita
1030 2713 1162 2789 declivi
1188 2708 1255 2785 litu
1274 2712 1593 2803 collocandumdl,

157 2836 205 2891 ne
222 2840 268 2889 ex
289 2838 332 2887 co
356 2838 506 2911 qaroque
524 2835 706 2890 rorrcrctte
726 2831 841 2915 guttae
864 2820 900 2886 in
919 2831 1088 2889 ventrem
1115 2810 1226 2887 relabi
1250 2807 1403 2925 pollint.
1456 2812 1595 2915 Quad-

156 2914 313 2988 mouitio
340 2912 386 2984 de
410 2914 580 2987 orunilurs
607 2912 903 2987 destillationibus
923 2935 969 2985 ex
988 2913 1136 2988 retortis
1159 2910 1298 3001 vitreis,
1322 2910 1417 3013 igne
1442 2913 1592 2991 validiore

157 3012 375 3110 egentibus,
402 3014 560 3087 memori
583 3029 707 3085 mente
724 3011 883 3085 tenenda
907 3008 970 3085 est.
1020 3016 1062 3085 lu
1083 3007 1189 3087 diuis
1204 3032 1298 3083 vero
1312 3008 1489 3111 subjectis
1514 3010 1591 3116 plrlc·

157 3132 245 3211 grun
263 3104 487 3203 lirbl'equitur
504 3107 678 3197 oleolitas,
694 3112 818 3209 primo
836 3109 984 3183 tenuior
999 3106 1095 3185 llava
1110 3106 1171 3181 seu
1189 3104 1252 3181 sub
1265 3104 1380 3199 fusca,
1406 3113 1524 3227 magis
1537 3132 1593 3185 rua·

156 3208 287 3309 gisquc
303 3205 518 3281 luccedente
536 3206 713 3311 l'pilliore,
742 3211 832 3283 dum
850 3210 1001 3283 tandem
1018 3207 1121 3283 valde
1140 3204 1240 3308 spilla
1261 3204 1296 3280 8(
1316 3207 1425 3283 velut
1466 3234 1538 3285 reta
1554 3208 1593 3284 ni·

154 3330 220 3409 gra
237 3306 438 3402 lubiitprida
454 3302 567 3383 resina
594 3309 770 3383 lirccedat.
822 3308 1047 3383 Nominatim
1071 3305 1196 3381 tartari
1216 3304 1343 3379 oleum
1370 3234 1516 3409 lpidam
1538 3304 1592 3389 dtr

154 3407 305 3511 guajatci,
323 3405 488 3490 liacrlrari,
517 3406 630 3482 mellis
678 3407 757 3480 aulo
775 3404 969 3503 liquidius:
991 3403 1143 3480 sallafras
1159 3403 1215 3477 his
1236 3428 1394 3573 (proque
1410 3412 1558 3485 tenuius.

257 3518 285 3593 a.
313 3537 343 3601 ς,
371 3505 568 3582 uccinum
601 3434 732 3581 celem
765 3528 917 3601 quoque
952 3505 1134 3579 methodo
1163 3502 1252 3577 delli
1267 3500 1333 3577 lari
1377 3508 1492 3585 debet
1513 3534 1523 3581 :
1546 3502 1592 3581 scd

157 3606 380 3690 notandum,
404 3600 429 3678 li
451 3630 497 3680 ex
529 3630 636 3680 arena
662 3603 875 3692 destillatur,
905 3622 945 3676 ut
973 3628 1035 3677 vas
1061 3603 1154 3677 ultra
1178 3601 1424 3679 medietatem
1450 3607 1497 3683 ad
1519 3604 1593 3681 suna

150 3725 256 3775 rnurn
273 3726 349 3775 nun
365 3703 570 3803 repleatur:
594 3724 770 3804 praetereo
788 3702 826 3775 in
845 3725 951 3776 arena
970 3719 1093 3777 totum
1109 3696 1297 3803 profunde
1317 3698 1533 3803 sepeliatur,
1553 3699 1592 3776 so

151 3801 188 3877 lo
211 3798 306 3873 eollo
319 3804 504 3877 eminente
523 3834 533 3885 ·,
558 3802 655 3907 ignis
672 3826 786 3901 usque
804 3802 848 3874 ad
868 3804 1015 3901 vaporis
1039 3802 1108 3876 albi
1128 3798 1309 3901 egrcllum
1326 3822 1526 3897 atteratur,
1546 3798 1594 3877 illu

150 3916 350 3999 apparente
375 3902 413 3973 in
437 3902 512 3979 lroc
539 3903 654 4005 gradu
686 3896 920 3975 conterretur·
944 3926 953 3973 ε
978 3904 1138 3975 maxime
1164 3922 1318 3995 quoque
1341 3885 1387 3973 iri
1398 3900 1468 3979 hac
1488 3922 1594 4003 opera

148 4005 251 4077 tione
267 3994 350 4071 litus
370 4000 518 4088 declivis
553 4000 634 4077 colli
655 4000 873 4075 attendatur.
924 4002 1050 4101 Vapor
1066 3998 1124 4073 ille
1149 3998 1185 4070 in
1209 3997 1420 4109 recipiente
1445 3997 1594 4103 ampliori

149 4098 335 4205 partimin
350 4095 534 4203 ipsocollo
550 4116 700 4183 retortae
715 4096 831 4178 coibit
845 4100 885 4177 in
899 4114 1020 4202 guttas
1038 4094 1349 4199 aquolooleolas,
1380 4126 1465 4209 quar
1483 4092 1592 4209 l'cnstru

1561 4215 1591 4273 u
