3472 4822
399 303 653 442 dogmatica
664 302 1102 438 &experimentalin
1162 348 1166 355 ·
1405 338 1473 456 19

129 526 274 585 nterrae
286 504 463 597 minutiae,
479 528 583 606 aquae
597 505 832 581 commoveri
849 504 995 609 inepto,
1016 506 1074 584 his
1092 504 1175 614 ipsas
1190 506 1306 585 salinis
1321 506 1468 609 corpus-

138 606 246 713 paulo
269 600 506 711 grossioribus
526 628 636 704 quam
652 627 787 705 aquea,
805 604 841 679 8(
861 606 1019 707 proinde
1035 602 1100 682 libi
1119 610 1237 713 magis
1257 611 1470 710 proportio·

129 764 136 797 ,
153 704 437 783 commovendae
448 700 551 795 sum,
570 706 673 805 quod
689 700 940 781 corrosionem
955 705 1120 782 dicimus.

129 824 154 898 ς.
181 830 234 881 12.
259 808 386 901 Neque
396 818 522 877 tamen
540 800 701 879 corroso
728 798 880 904 srmplex
896 803 1068 880 diremtio
1093 804 1347 880 &commotio
1370 803 1469 877 vide·

132 900 186 980 sed
233 904 455 977 hntnomena
471 901 806 1005 praecipitationum
829 901 1029 992 declarant,
1055 899 1281 979 corrosiones
1307 902 1394 976 tales
1410 898 1470 975 lie·
1580 981 1584 987 ,

129 1026 147 1073 r
158 929 402 1079 adllaelionem
422 1018 610 1088 mutuam,
633 1002 737 1075 itaut
760 1002 915 1077 minima
930 1001 1056 1079 silium
1080 1028 1156 1077 non
1180 1004 1297 1078 modo
1313 996 1469 1075 allisione

129 1100 301 1176 illrudant
323 1117 525 1215 aggregata
546 1097 735 1187 solvenda,
762 1098 824 1174 sed
842 1102 971 1203 potius
988 1100 1123 1179 horum
1144 1102 1276 1177 atomis
1311 1098 1469 1174 adhaere·

135 1256 144 1287 ,
164 1199 277 1371 &fhas
298 1195 362 1275 fibr
377 1194 500 1275 affixas
515 1195 637 1276 secum
654 1199 854 1277 inmotum
880 1200 1046 1301 rapiunt,
1072 1198 1249 1301 &susque
1264 1200 1387 1300 deque
1401 1220 1470 1301 per

129 1322 182 1373 rm
211 1316 325 1376 erant.

129 1402 249 1495 deque
262 1394 335 1471 sola
349 1391 592 1497 praecipitatio
605 1392 679 1473 hoc
690 1392 879 1487 monstrat,
899 1396 960 1471 sed
976 1398 1086 1472 etiam
1098 1393 1246 1475 definita
1253 1392 1473 1473 solventium

139 1524 151 1583 3
176 1496 281 1595 quod
297 1517 434 1665 nempe
451 1494 498 1591 ξῇ.
556 1512 659 1591 aquae
676 1490 784 1569 sortis
800 1519 877 1573 non
897 1496 980 1669 plus
1000 1494 1114 1573 solvat
1128 1520 1241 1595 qtram
1256 1490 1325 1596 313.
1341 1518 1471 1597 argen-

129 1620 175 1669 an
206 1619 227 1668 e
244 1595 430 1697 particuae
446 1610 576 1671 terreae
592 1591 707 1669 salinae
720 1612 778 1667 tot
799 1611 896 1670 meta
923 1596 994 1670 icas
1009 1597 1199 1699 arripiunt,
1215 1613 1308 1693 quot
1322 1618 1393 1695 pro
1406 1616 1471 1667 nu·

129 1726 134 1757 ›
175 1716 225 1768 uo
251 1714 494 1767 commovere
516 1686 688 1789 possunt3
713 1684 739 1766 st
766 1693 866 1767 enim
889 1694 970 1773 salia
994 1692 1119 1769 saltem
1155 1690 1363 1769 detrusione
1390 1714 1473 1793 agc-

136 1792 185 1893 3j.
213 1789 384 1867 solventis
408 1786 565 1867 infinitas
581 1788 745 1866 solvendi
760 1791 944 1874 destruere
958 1792 1083 1901 posset,
1103 1793 1208 1891 quod
1222 1790 1410 1869 assertores
1434 1788 1473 1863 li-

129 1892 158 1967 is
174 1890 329 1967 alcobesl
344 1888 408 1969 siro
423 1888 581 1969 solventi
603 1890 780 1967 tribuunt.

129 1995 176 2067 lta
209 1993 319 2067 etiarn
350 1986 475 2093 gustus
500 1986 574 2067 hoc
598 1984 794 2069 confirmat
819 1986 1051 2092 aliqualiter,
1090 1988 1181 2061 dum
1204 1984 1368 2086 liquores
1392 2008 1471 2059 cor-

129 2090 141 2164 i
181 2090 345 2205 quodam
359 2082 539 2202 ‘grossiori
571 2084 689 2164 soluto
719 2090 768 2163 ita
801 2086 1080 2175 obtunduntur,
1107 2104 1149 2160 ut
1174 2086 1340 2187 linguam
1363 2085 1474 2181 longe

129 2214 153 2263 rs
182 2196 332 2273 serrant,
357 2211 379 2261 r.
406 2212 437 2260 e.
464 2185 650 2289 particular
679 2186 762 2267 alias
789 2182 1048 2273 mobililbmae,
1075 2184 1110 2258 8(
1133 2184 1292 2286 proinde
1315 2164 1474 2260 nervulis

129 2290 238 2363 ,toriis
262 2284 473 2389 simpliciter
502 2283 665 2365 tassonis
688 2282 864 2375 admissae,
888 2284 958 2360 bos
985 2282 1123 2359 intense
1149 2280 1374 2374 vellicantes,
1398 2286 1474 2385 jam

129 2386 322 2463 lhaerentcs
341 2388 478 2465 inertes
494 2382 689 2487 particulas
701 2382 887 2485 segniores
899 2380 1021 2472 fatiae,
1046 2382 1117 2461 hos
1131 2382 1282 2459 eosdem
1301 2383 1475 2458 nervulos

129 2510 154 2561 rs
169 2488 326 2601 agitant,
378 2501 464 2559 rout
481 2480 564 2584 ipsa:
579 2480 734 2558 minoris
752 2501 875 2563 motus
894 2506 1048 2585 capaces
1073 2480 1175 2571 sunt,
1201 2479 1287 2557 licet
1305 2480 1339 2557 8(
1359 2481 1419 2558 hic
1436 2481 1474 2557 fi-

129 2608 137 2657 e
153 2583 290 2685 aliquid
300 2509 538 2661 tribuendum
559 2578 611 2658 fit.
663 2588 716 2658 lta
728 2586 828 2657 enirn
843 2604 936 2680 aqua
957 2578 1064 2661 fortis
1077 2580 1242 2691 linguam
1257 2576 1356 2679 quali
1369 2606 1476 2655 uren·

129 2685 183 2759 :rit
198 2741 208 2771 ‚
237 2683 271 2760 8(
286 2682 377 2784 ipsas
403 2681 510 2759 fibras
525 2678 658 2757 solidas
673 2683 843 2763 dimovet
858 2682 894 2761 8(
915 2681 1080 2755 corrodit
1095 2709 1105 2767 3
1129 2668 1154 2754 lr
1169 2703 1260 2758 vero
1276 2674 1342 2779 ipli
1362 2681 1474 2755 admi·
1489 2752 1497 2766 ,

129 2802 196 2857 rtur
249 2781 407 2857 articulat
434 2781 595 2885 argenti,
621 2803 787 2857 amarum
810 2780 846 2855 8(
868 2778 1067 2881 stypticum
1093 2776 1260 2881 saporem
1280 2776 1423 2869 rescrt3
1448 2771 1475 2851 si

150 2882 205 2957 'ad
233 2897 336 2969 atur,
361 2879 467 2983 sopor
494 2882 572 2980 ejus
595 2874 714 2958 ferme
735 2879 899 2959 aboletur
923 2908 934 2967 3
959 2873 984 2952 ll
1014 2898 1130 2963 creta,
1154 2873 1302 2979 prorsus
1325 2875 1476 2953 tollitur.

129 2978 204 3055 liter
241 2998 384 3051 acetum
410 2980 576 3053 admixto
606 2980 764 3080 plumbo
792 2978 898 3053 dulce
926 2976 967 3053 fit
990 3004 1000 3063 3
1027 2978 1159 3052 additis
1184 2976 1298 3051 oculis
1332 2998 1481 3049 cancro·

129 3076 331 3251 sitlspidum
352 3101 362 3161 3
387 3073 515 3175 spiritu
540 3076 656 3154 urinae
675 3079 873 3153 amaricans
894 3104 903 3149 :
928 3075 994 3150 sale
1019 3077 1143 3151 tartari
1160 3075 1218 3150 vel
1236 3072 1341 3149 simili
1367 3072 1478 3158 alcali,

140 3200 215 3251 um.

129 3286 159 3365 s
189 3300 242 3363 13.
268 3269 396 3347 Paucis
413 3290 611 3344 monemus
626 3272 673 3344 de
690 3268 932 3371 appellatione
955 3268 1250 3355 menstruorum,
1276 3268 1380 3367 quod
1404 3268 1479 3339 hoc

129 3396 175 3447 en
197 3395 275 3445 non
308 3365 488 3458 fortuito,
512 3367 597 3442 licet
620 3392 690 3473 per
727 3366 896 3455 abusum,
932 3366 1135 3464 liquoribus
1163 3365 1386 3443 solventibus
1411 3366 1478 3437 inr-

129 3494 195 3545 um
228 3464 294 3557 srt,
319 3468 418 3543 recle
440 3483 617 3541 monente
642 3466 827 3543 Bccchero
854 3466 892 3538 in
923 3464 1110 3539 concord.
1136 3464 1260 3540 cbvm.
1287 3464 1324 3536 in
1355 3462 1478 3535 distin-

129 3570 217 3644 u'bus
270 3564 546 3668 philosophicis.
619 3566 802 3642 Nimirum
847 3580 991 3639 veteres
1038 3547 1283 3675 philosbpbici
1338 3558 1479 3657 chymi-

129 3668 141 3743 l
165 3666 326 3767 lapidem
350 3663 456 3740 suum
508 3660 781 3767 bilosopbicum
806 3664 1001 3765 requirunt
1024 3660 1255 3737 sirbllantram
1284 3662 1481 3759 quandam,

147 3765 340 3839 materiam
365 3689 661 3877 pbilosilplricam
687 3776 726 3853 Θ
778 3763 875 3839 rimo
904 3754 1139 3837 minutissune
1179 3757 1241 3833 seu
1267 3758 1480 3845 radicaliter,

129 3862 251 3939 saltem
272 3865 310 3937 in
325 3862 609 3966 aggregationis,
618 3859 679 3939 scd
694 3863 734 3965 ip
749 3886 804 3942 tus
818 3860 1010 3939 mixtionis
1033 3881 1149 3948 nexu,
1172 3854 1334 3934 dissolvat
1349 3886 1360 3946 3
1383 3856 1480 3960 post·

129 3979 285 4039 nautem
300 3961 374 4037 hoc
388 3959 605 4075 praestiterit,
625 3960 854 4081 inposterum
877 3960 1000 4037 eidem
1016 3953 1234 4051 assimiletur,
1249 3956 1480 4047 accrescat&

143 4086 190 4137 eo
214 4084 356 4136 novum
374 4076 533 4134 mixtum
558 4059 765 4139 constituat.
812 4060 966 4141 Ratione
991 4058 1115 4158 itaque
1134 4058 1247 4164 primi
1268 4054 1367 4138 astus
1380 4080 1485 4136 voca·

129 4178 176 4236 snt
193 4160 287 4235 banc
303 4156 534 4234 substantiam
562 4154 704 4237 solvens
718 4160 825 4238 strum
840 4173 1032 4275 magnum,
1055 4156 1199 4239 stione
1209 4153 1359 4239 secundi
1384 4178 1487 4235 men-
1612 4158 1620 4170 '

129 4284 199 4351 rm,
227 4267 248 4335 s
271 4256 504 4337 smrilitudine
527 4250 712 4361 inguinis
734 4254 1172 4439 ιιιεὲιίξιιιψῳπσ
1187 4256 1420 4338 incremento
1415 4280 1491 4448 ἐξ
1544 4303 1548 4312 ·
