3472 4822
479 270 730 408 dogmatica
745 269 803 376 δ’
809 263 1067 378 rationalis.
1152 228 1159 249 l
1426 301 1524 429 33·

129 471 252 546 Varia:
267 468 480 548 de'estionis
498 470 607 569 hujus
631 495 679 548 ex
697 469 879 547 ‘menstrui
903 469 1007 575 poris
1031 470 1113 549 sunt
1133 471 1261 552 causa.
1280 475 1404 553 Prima
1421 472 1490 564 eli,

129 568 195 653 ndo
214 594 277 645 me
318 572 454 662 lruum,
479 573 517 645 in
531 596 613 670 quo
628 569 785 645 solidum
802 594 938 671 corpus
952 568 1129 665 solutum,
1148 572 1337 651 lubentius
1362 593 1491 691 aggre-

129 667 399 770 robpororum
416 672 712 746 convenientiam
727 667 826 760 illud,
836 672 939 769 quod
954 675 992 747 in
1003 672 1297 775 praecipitatione
1306 674 1491 774 adjicitur,
1556 728 1559 733 -

129 789 162 857 t,
176 766 269 843 dum
280 768 369 845 illud
381 768 522 845 tblvere
540 772 685 856 nititur,
705 793 785 842 non
800 767 946 871 poliunt
960 795 1037 844 non
1053 770 1250 870 particulae,
1268 792 1353 870 quae
1368 775 1405 848 in
1419 796 1488 873 po-

129 864 497 959 ncnstruihaerebant,
514 869 602 943 inde
615 866 728 970 praec'i
759 868 849 956 itari,
889 869 1040 944 uoniam
1052 869 1131 944 duo
1147 890 1309 970 corpora
1322 864 1488 974 nonpos-

129 964 177 1038 :in
191 988 268 1040 uno
280 966 368 1042 loco
384 965 579 1043 sublistere.
628 973 681 1041 lta
696 893 827 1041 solirtio
842 894 1024 1042 liliscom.
1035 965 1095 1041 seu
1109 967 1154 1043 sal
1170 992 1267 1044 com.
1277 971 1491 1071 praecipitat

129 1084 167 1135 m
184 1059 349 1157 solutam,
361 1068 455 1143 item
465 1062 695 1141 mercurium
710 1063 814 1139 solut.
834 1090 993 1141 necnon
1006 1084 1165 1143 martem
1175 1068 1214 1141 in
1223 1084 1246 1142 la
1275 1086 1320 1143 ua
1333 1064 1491 1142 fortivel

129 1160 169 1234 'mr
184 1163 331 1239 vitrioli
379 1169 428 1240 Et
438 1186 514 1238 uno
531 1164 657 1250 verb0,
669 1163 852 1261 quicquid
867 1163 878 1237 i
964 1166 1049 1239 iritu
1063 1163 1200 1241 vitrioli
1219 1092 1380 1256 spiritur,
1399 1164 1488 1242 illud

880 1162 946 1239 nl

129 1258 263 1362 cipitari
274 1261 399 1364 potest
414 1265 600 1340 additione
624 1258 702 1336 salis
717 1285 855 1337 comm.
901 1191 1004 1338 lliirs
1030 1267 1237 1366 precipitat
1252 1286 1430 1338 venerem
1444 1265 1489 1341 in

129 1356 168 1431 [tu
188 1361 294 1452 nitri,
315 1358 373 1435 vel
394 1362 506 1439 etiam
522 1383 634 1436 omne
646 1360 798 1436 acidum
813 1357 998 1449 solutum,
1019 1365 1200 1461 quoniam
1214 1364 1321 1461 acida
1338 1359 1488 1438 solvunt

129 1458 224 1569 ptius
242 1474 399 1536 martem
410 1485 527 1562 quam
539 1481 728 1550 venerem,
742 1474 899 1560 propter
911 1476 1051 1536 terram
1067 1464 1184 1566 magis
1198 1458 1434 1564 sulphuream
1448 1462 1486 1539 a

129 1576 234 1631 mam·
1335 1580 1339 1589 .

129 1656 238 1729 Lunn
257 1650 370 1730 soluta
385 1656 424 1731 in
445 1653 577 1773 spiritu
589 1652 679 1731 nitri
693 1649 753 1731 vel
774 1677 867 1755 aqua
882 1653 972 1732 forti
1012 1652 1238 1759 raecipitatur
1257 1647 1401 1757 ‘adjesto
1415 1675 1481 1731 cu.

131 1752 312 1846 quoniam
329 1756 415 1829 nitri
426 1753 576 1858 spiritus
591 1776 768 1829 venerem
783 1753 972 1831 lubentius
983 1678 1094 1833 iolvit
1110 1760 1223 1872 qua'm
1237 1756 1386 1849 lunam,
1410 1779 1486 1831 un·

129 1849 236 1927 eceffe
253 1849 305 1925 est
327 1849 450 1929 lunam
466 1855 699 2028 praecipitari.
747 1850 956 1928 Mercurius
974 1853 1111 1930 solutus
1124 1880 1198 1931 rna
1226 1879 1271 1930 ua
1286 1851 1376 1929 forti
1388 1876 1485 1957 prae·

129 1965 211 2024 atur
224 1950 337 2025 zinco
351 1949 415 2025 seu
435 1951 578 2029 brsmut
606 1966 640 2045 '0,
659 1952 842 2053 quoniam
857 1950 974 2054 longe
991 1952 1126 2052 majori
1144 1950 1217 2029 ἕπε’
1235 1956 1319 2029 'tate
1333 1950 1487 2031 solvitur

129 2047 269 2123 ruthum
283 2050 322 2123 in
335 2073 429 2148 aqua
443 2046 533 2127 forti
547 2075 661 2148 quam
679 2050 895 2126 mercurius.
1099 2140 1103 2146 Ι
1149 2140 1153 2147 ¹
1302 2144 1307 2151 Ι
1342 2142 1347 2151 ¹

129 2150 267 2223 Omnia
284 2148 427 2223 metalla
450 2148 564 2224 soluta
577 2151 618 2225 in
641 2146 835 2224 menstruis
861 2144 973 2225 acidis
986 2142 1182 2224 corrosrris
1203 2149 1483 2253 praecipitantur

129 2242 237 2320 lione
252 2270 456 2348 corporum
473 2246 719 2337 alcalinorum,
732 2244 827 2318 item
835 2241 1212 2339 saliumalcalinomm,
1228 2247 1483 2348 quoniamaci·

129 2366 185 2419 tm
202 2344 358 2419 alcalinis
370 2344 565 2420 celerrime
576 2352 727 2421 coeunt.
1426 2434 1432 2441 ¹

129 2440 253 2519 Altera
269 2440 371 2519 causa
385 2443 689 2560 praecipitationis
705 2440 925 2547 eltqumdo
936 2440 1064 2560 liquor
1076 2432 1220 2518 solvent
1236 2461 1322 2517 cum
1338 2440 1484 2544 adjesto.
1527 2538 1532 2547 ⁸

129 2540 291 2642 ipitante
311 2541 453 2643 liquido
470 2541 507 2621 se
527 2546 662 2619 intime
683 2541 834 2638 miscet,
859 2561 1063 2619 uttertrum
1078 2541 1217 2617 deinde
1237 2542 1479 2635 producatur,

129 2640 233 2716 l-non
250 2642 404 2743 amplius
413 2660 543 2743 aptum
552 2642 609 2720 cst
620 2644 659 2719 in
671 2642 776 2745 poris
791 2645 948 2719 retinere
968 2663 1104 2743 corpus
1114 2654 1219 2716 antea
1232 2638 1402 2715 solutum.
1422 2639 1478 2716 lta

129 2740 156 2815 ia
171 2762 332 2840 corpora
348 2737 502 2818 resinosa
514 2737 720 2844 sulphurea,
736 2741 814 2819 olea
830 2740 1012 2832 destillata,
1034 2752 1227 2841 gummata
1250 2732 1415 2827 resinosa,
1437 2739 1481 2813 ¹in

129 2860 162 2913 :r
180 2839 271 2913 vino
288 2837 495 2917 testificato.
506 2837 620 2917 soluta
643 2843 755 2944 praeci
784 2845 920 2918 itantur
936 2834 1242 2935 effusionea'quae
1259 2836 1479 2913 communis.

129 2934 329 3012 uralicnon
340 2955 483 3014 tantum
496 2937 654 3029 turbida,
668 2940 729 3016 sed
746 2869 791 3032 g,
808 2939 959 3042 quando
979 2932 1093 3013 resina
1102 2955 1195 3045 pura
1208 2928 1291 3026 fuit,
1308 2934 1477 3011 albicant

129 3059 185 3135 luo
198 3033 445 3110 fundamento
467 3058 641 3137 parantur
666 3034 806 3128 restria,
831 3042 923 3115 dum
946 3037 1124 3112 nimirum
1141 3029 1288 3134 spiritus
1301 3035 1381 3109 vini
1395 3056 1478 3137 par·

129 3129 280 3209 esmosas
298 3130 466 3220 extrahit,
510 3158 565 3208 uae
606 3134 703 3210 ostea
718 3137 956 3236 praecipitata:
964 3138 1002 3210 in
1011 3156 1128 3208 unum
1141 3128 1382 3208 coalescentes
1391 3152 1478 3206 con·

129 3228 349 3309 mtresrnas:
375 3158 549 3307 itarelina
594 3236 720 3321 macir,
732 3232 755 3306 li
785 3229 1078 3325 nialo'e's,la‹ltni,
1092 3231 1184 3335 ligni
1195 3228 1475 3332 guajac.jalapp.

129 3354 232 3406 mon.
276 3331 368 3405 arari
383 3328 424 3404 in
437 3328 729 3442 pharmacopaeis
758 3327 870 3404 olent

129 3429 235 3505 Ratio
247 3356 361 3529 liujus
376 3428 490 3543 praeci
520 3429 679 3503 itatiomr
693 3424 763 3520 est,
779 3424 957 3525 quoniam
978 3416 1125 3526 spiritus
1140 3419 1218 3499 vini
1232 3404 1474 3500 rectificffiffi·

130 3525 260 3603 miscet
272 3526 308 3602 se
328 3532 458 3603 intime
526 3525 716 3602 celerrime
729 3547 816 3600 cum
833 3525 958 3624 aqueis
971 3521 1175 3626 particulis,
1194 3545 1279 3619 quae
1305 3522 1473 3617 ejusdem

129 3652 136 3700 r
154 3627 355 3702 admodum
374 3650 549 3730 congruae
568 3624 669 3719 sunt,
690 3625 789 3703 unde
806 3623 1086 3728 praecipitantur
1101 3615 1277 3712 resmosae,
1292 3620 1476 3733 haercntet

129 3726 191 3800 >ris
206 3724 351 3825 spiritus
374 3727 452 3801 vini
466 3721 661 3802 restificati
746 3744 755 3761 ·

130 3823 354 3926 Exemplum
369 3822 479 3926 hujus
492 3820 794 3928 praecipitationis
808 3820 999 3905 ‚constituit
1012 3837 1163 3918 quoque
1171 3816 1411 3922 praecipitatio
1425 3808 1474 3891 la·

129 3922 327 4027 sanguinis,
344 3920 646 4027 gelatinosarum‚
660 3920 945 4027 glutinosarum,
972 3915 1132 4020 partium
1147 3916 1370 4015 liquidarum
1397 3935 1473 3988 me·

129 4045 157 4100 :e
172 4023 302 4124 spiritu
319 4025 396 4104 vini
414 4018 714 4117 testificatillrmo,
735 4022 914 4221 qirgriam
928 4016 1108 4101 nimirum
1120 4012 1267 4121 spiritus
1279 4014 1356 4092 vini
1347 4009 1473 4194 [iffi

850 4144 873 4199 ²
1454 4144 1470 4170 0
