3472 4822
412 287 662 437 dogmatice
677 288 736 399 δ’
751 285 1120 424 experimentells,
1395 302 1492 436 147
1648 428 1652 437 Ι

130 486 241 561 tetum
256 486 447 588 praebent3
466 512 552 567 nam
569 490 708 591 aliquid
719 488 888 595 pubere
908 504 1053 567 certum
1067 489 1136 586 est,
1155 484 1273 567 nodo
1301 491 1371 569 rite
1383 489 1489 570 fulto·

130 583 288 683 retarder,
306 586 342 660 81
354 587 565 690 aliquandiu
580 593 814 692 continuatae,
838 585 986 673 fuerint

139 693 174 775 a.
200 709 234 777 4.
258 683 405 777 Plumbi
443 689 573 781 calces,
598 689 785 785 minium,
816 686 951 769 cerulla
997 683 1094 765 flava
1140 687 1307 792 anglica,
1334 689 1490 789 §callidi

130 782 240 882 laed,
266 784 346 861 calx
370 811 439 886 per
465 788 676 882 ullionern,
704 791 844 867 vitrum
882 810 969 875 cum
1002 782 1175 878 silicibus,
1214 788 1493 890 lithargyrium,

130 902 194 955 me
216 884 446 961 reducuntur
467 913 553 964 cum
574 886 643 965 sale
668 890 837 964 cinerum
858 883 1148 978 clavellatorum‚
1174 886 1214 961 in
1240 913 1279 964 rn
1300 908 1378 961 uno
1398 913 1489 965 vern

130 1002 256 1178 3&
276 985 455 1077 carbones
478 984 638 1067 inferno
662 985 902 1078 redudorio,
927 987 976 1081 im
999 985 1132 1087 &aab
1155 985 1284 1088 ,Ofens
1324 990 1382 1077 bar
1398 989 1495 1087 stolae

134 1172 268 1254 Calces
296 1203 387 1266 vero
410 1180 600 1258 metallicae
623 1207 691 1286 per
730 1181 1041 1283 praecipitationes
1079 1174 1183 1255 fauae
1198 1238 1208 1271 ‚
1224 1198 1338 1282 prout
1360 1185 1419 1259 vcl
1445 1186 1493 1260 de

130 1277 301 1376 :ipitente
325 1280 650 1384 participant‚aliae
670 1280 893 1369 volatilioras
909 1278 1018 1368 liunt,
1038 1277 1115 1353 aliae
1141 1274 1290 1359 fixiores
1313 1281 1493 1378 seneida),

143 1377 307 1477 proinde
323 1380 582 1469 additamentis
589 1381 699 1463 variis
712 1377 835 1457 rursus
847 1378 1049 1457 tmllnbiles
1063 1377 1169 1452 reddi
1183 1380 1331 1456 debent

155 1474 327 1552 volatiles
358 1475 452 1553 liunt
484 1477 601 1569 calcea
668 1479 852 1567 lumbi&
883 1478 1028 1571 crrenti
1060 1500 1130 1578 per
1161 1479 1493 1582 praecipitationem

148 1570 218 1649 sale
246 1578 456 1668 communi,
491 1576 554 1667 sed
586 1504 708 1663 adbuc
739 1600 801 1654 nra
830 1580 860 1652 is
892 1542 978 1669 ccl'na
1012 1573 1142 1678 spiritu
1175 1576 1272 1667 salis,
1298 1577 1432 1677 quibus
1456 1582 1496 1653 in

129 1698 146 1785 r
153 1669 246 1748 forti
267 1674 392 1750 solutis
409 1671 529 1751 affusis
538 1676 577 1751 in
593 1677 786 1783 pulverem
796 1601 920 1768 album
945 1675 1067 1765 levent
1084 1676 1373 1779 praecipitantur,
1381 1700 1498 1775 quem

130 1792 243 1874 rsper
257 1772 346 1867 sein
367 1772 560 1869 crucibulo
580 1776 759 1863 reducere
773 1774 880 1865 velit,
902 1777 1145 1879 quantitatem
1162 1799 1344 1879 magnam
1356 1776 1497 1877 ponde·

129 1865 171 1943 iri
189 1875 337 1972 perdet,
362 1874 455 1949 dum
477 1871 677 1949 arseniculis
704 1871 896 1965 substantia
914 1896 964 1962 ex
984 1870 1053 1961 sele
1071 1875 1264 1959 communi
1284 1890 1345 1961 aut
1367 1871 1498 1974 spiritu

153 1992 310 2072 argento
333 1966 438 2047 affixa
458 1972 656 2047 accedente
674 1972 761 2075 igne
781 1973 821 2046 in
840 1966 962 2046 forma
985 1964 1085 2045 densi
1104 1968 1175 2045 albi
1190 1966 1286 2061 ¹fumi
1307 1970 1417 2071 hujus
1432 1971 1498 2047 bo·

129 2074 387 2167 iquantitatem
411 2066 537 2157 secum
561 2070 713 2174 abripit:
737 2067 862 2146 sitalis
881 2066 959 2162 calx
973 2091 1060 2143 cunr
1083 2065 1152 2143 sale
1174 2070 1299 2145 tartari
1322 2068 1382 2143 vel
1400 2070 1497 2146 cine·

129 2166 426 2343 dclavellatnrum
442 2171 662 2263 reducatur,
678 2169 797 2259 levior
803 2168 976 2283 quidem,
999 2165 1061 2259 sed
1077 2167 1198 2268 aliqua
1211 2184 1347 2260 tamen,
1361 2167 1499 2269 janum

157 2282 196 2341 rt.
1134 2278 1141 2287 '

129 2352 131 2357 ’
147 2365 303 2466 Optime
316 2390 408 2445 vero
425 2367 600 2446 reduclur
618 2388 705 2441 eum
713 2362 818 2459 sebo,
831 2364 920 2442 calci
935 2366 974 2442 in
987 2363 1177 2459 crucibulo
1185 2360 1365 2455 ealefallae
1379 2363 1502 2441 statim

129 2460 247 2539 lulum
263 2464 337 2542 sebi
354 2468 583 2571 adjiciendo,
597 2488 675 2569 quo
682 2467 819 2564 partim
835 2462 1026 2556 sumendo,
1034 2464 1173 2583 partim
1179 2462 1356 2551 ardendo,
1369 2460 1501 2541 senlinr

129 2559 399 2683 nlentenovurn
412 2563 607 2653 frustulum
616 2562 1114 2665 tdjicitcu‚&hoc‚autlrori
1127 2565 1214 2667 igne
1227 2564 1379 2678 interint
1397 2563 1498 2638 adhi-

138 2674 226 2874 dt
238 2681 514 2871 ebnllll‘llss
527 2659 1504 2868 lssssltltlslln'lldltll,flssltsstltll

128 2880 139 2931 ι
158 2853 312 2969 spritu,
338 2860 402 2939 sed
417 2878 561 2957 tantum
581 2888 668 2941 cum
686 2861 866 2941 solutione
884 2860 964 2955 salis
991 2862 1219 2951 communis,
1235 2856 1328 2935 fade
1342 2855 1390 2974 stt
1409 2884 1503 2963 prae·

129 2972 223 3032 tatto
248 2982 259 3029 ε
283 2954 397 3034 scoria
417 2962 500 3053 haec
514 2982 640 3038 temen
664 2962 771 3055 valde
861 2962 919 3038 vie
935 2979 1091 3078 apparet
1114 2986 1125 3047 ς
1150 2954 1289 3039 undesr
1307 2958 1503 3061 aliquando

128 3073 257 3130 entum
301 3054 398 3133 aliud
437 3056 667 3134 relinandunr
703 3060 808 3160 plum
835 3084 859 3135 o
883 3061 1085 3152 imbuetur,
1114 3057 1195 3153 haec
1221 3082 1372 3159 quoque
1391 3056 1507 3135 scoria

128 3151 270 3230 r‘erisata
294 3153 504 3256 aliquandiu
531 3176 619 3243 cunr
639 3152 797 3259 plumbo
811 3156 887 3268 huc
903 3155 1009 3230 tundi
1032 3155 1180 3257 potest,
1203 3157 1332 3247 urite,
1355 3154 1382 3229 si
1408 3156 1505 3231 forte

128 3277 183 3327 rue
192 3252 329 3358 aliquid
344 3255 488 3358 argenti
512 3255 717 3345 contineat,
743 3250 834 3345 illud
848 3275 888 3327 m
914 3252 1113 3354 plumbeam
1126 3255 1343 3348 imbibatur,
1359 3254 1396 3327 δι
1419 3274 1507 3327 cum

129 3375 201 3452 qua
216 3351 727 3431 mallularursusnbtineatur.
1133 3448 1136 3453 Ι

155 3452 327 3528 Succedit
346 3456 457 3530 etiam
488 3453 545 3528 illa
572 3445 804 3542 reductiodr
829 3448 909 3527 calx
926 3446 990 3524 ista
1004 3470 1091 3523 curn
1118 3446 1202 3539 oleo
1228 3444 1409 3522 olivarum
1439 3444 1506 3518 im·

128 3568 212 3625 atur
238 3551 277 3624 in
301 3551 412 3659 pultis
437 3550 628 3643 formam,
655 3566 765 3659 atque
788 3549 839 3625 ita
863 3551 902 3627 in
938 3544 1177 3641 crucibulunr¹
1191 3545 1322 3635 leniter
1347 3544 1510 3619 candent

128 3644 195 3725 sun
211 3650 402 3753 ingeratur
423 3682 435 3743 ;
484 3652 588 3756 quod
603 3646 834 3728 idemadhuc
851 3645 1012 3725 securius
1033 3644 1194 3723 luccedit
1210 3640 1237 3721 sr
1252 3642 1323 3719 olei
1346 3641 1381 3720 &
1406 3640 1507 3746 sapo-

145 3770 212 3824 ana
228 3748 301 3825 leni
322 3752 411 3854 igne
435 3750 740 3828 commisceantur
751 3744 821 3824 seu
841 3747 924 3823 colli
952 3766 1103 3837 uentur,
1130 3746 1166 3821 dr
1187 3742 1359 3821 cumbae
1377 3741 1505 3843 pulte,

128 3844 258 3924 lvisseu
272 3846 352 3929 calx
377 3848 705 3958 subigetru‚atque
723 3849 774 3928 ita
960 3848 1032 3924 tim
1063 3844 1235 3923 candenti
1254 3841 1443 3921 crucibulo
1457 3843 1510 3918 ln·

128 3968 230 4023 ratur.

170 4055 201 4138 §.
232 4072 264 4142 5.
310 4050 455 4124 Aurum
477 4042 676 4123 fulminans
694 4066 848 4143 quoque
874 4067 947 4149 pro
971 4039 1025 4119 sui
1045 4036 1283 4130 redudione,
1308 4040 1394 4116 licet
1412 4038 1508 4129 levi,

128 4144 209 4220 ttela
228 4156 356 4249 tantan
374 4166 471 4249 opus
489 4142 612 4221 babet.
684 4138 862 4221 Miscetur
891 4144 1070 4245 nimirum
1091 4162 1178 4220 curn
1190 4136 1344 4218 floribus
1364 4135 1510 4240 sulphu-

134 4294 147 4341 ,
171 4262 281 4347 atque
297 4246 349 4326 ite
363 4268 453 4327 curn
468 4244 515 4325 iia
529 4236 658 4324 seusun
670 4238 856 4346 liquescit,
881 4264 961 4318 non
987 4242 1120 4345 majori
1144 4239 1280 4335 calore,
1305 4260 1417 4340 quarn
1459 4257 1510 4351 uo

918 4355 982 4422 ta
1474 4353 1513 4411 ὅ
