3472 4822
422 282 675 417 dogmaticae
701 280 760 386 Εἴ
774 286 1168 414 experimentato,
1294 282 1297 289 ’
1434 319 1499 403 11
1617 236 1621 245 Ι

129 484 192 561 im
208 481 355 561 moneri
370 481 499 572 debet,
519 481 777 583 firbaquanon
794 481 904 559 solam
922 481 1132 577 fontanam,
1155 464 1343 567 sodomae
1363 493 1499 594 cbrptu

129 584 203 659 lum
233 580 388 695 intelligi
405 638 415 672 ,
445 579 504 654 seu
519 583 645 682 potius
660 583 671 654 i
701 578 1005 657 samfluiditatem
1022 609 1236 686 corporum.

140 692 168 764 ς.
194 713 227 762 2.
253 685 336 756 Hoc
361 704 372 751 1
402 678 440 752 so
468 699 593 753 tamen
621 608 904 756 abslrahendum
930 681 981 757 est
998 688 1026 756 a
1078 686 1234 760 articulis
1260 683 1494 764 subtilissimis

129 778 198 870 tis,
229 802 335 878 aquae
361 705 515 852 sdbinde
540 779 739 866 admixtu,
771 778 806 854 81
835 777 857 852 l‘
887 804 997 854 uorea
1019 782 1057 855 so
1097 803 1197 858 entes
1219 782 1280 858 seu
1306 784 1490 863 menslrua

129 874 592 966 meiloconllituentibus,
616 877 700 951 licet
720 899 833 974 aquea
848 804 1018 953 ¹auiditas
1043 882 1081 954 in
1109 880 1166 957 his
1185 883 1403 981 primarium
1430 909 1488 960 or·

129 998 181 1051 nu
205 974 342 1051 censeri
363 975 509 1049 debeat.
558 980 651 1050 Sunt
671 991 796 1053 autem
822 973 910 1051 tales
938 976 1136 1078 compositi
1162 980 1347 1079 liquores,
1383 980 1486 1082 spiri-

129 1076 300 1167 ruentes,
340 1071 442 1162 olea,
481 1071 629 1175 spiritus
652 1070 814 1163 orinosr,
846 1074 974 1150 lixivia
1000 1077 1169 1167 alcalina,
1201 1077 1350 1193 spiritus
1374 1081 1488 1169 acidi,
1580 1064 1588 1077 ⁶

129 1170 348 1271 equisonis,
374 1194 467 1269 aqua
489 1171 615 1273 regia,
641 1171 788 1273 spiritus
817 1173 928 1263 nitri,
964 1172 1066 1267 salu,
1097 1174 1258 1268 uitriolr,
1284 1176 1484 1278 sulphuris,

129 1292 211 1345 aum
232 1271 424 1346 antimonii
439 1325 456 1356 ,‚
480 1267 629 1372 spiritur
654 1272 740 1346 nitri
763 1270 1006 1347 bezoardicus
1021 1330 1036 1366 .,
1073 1271 1221 1377 spiritus
1242 1275 1380 1351 vitrioli
1404 1276 1485 1378 phi·

129 1367 270 1467 phieus,
304 1387 460 1444 acetum.
1029 1410 1035 1439 l

139 1476 166 1557 l.
196 1497 226 1564 3.
253 1473 322 1543 Per
348 1463 384 1541 se
409 1488 500 1565 aqua
526 1468 737 1542 communie
762 1490 941 1573 magnum
974 1468 1261 1546 instrumentum
1291 1468 1481 1546 solutionis
1553 1522 1561 1537 κ

129 1586 153 1637 n
182 1589 301 1639 reno
329 1563 554 1679 vegetabili,
596 1561 948 1644 &fermentationis
981 1567 1125 1669 praeses.
1174 1574 1410 1644 Concurrunt
1433 1586 1483 1644 ta·

147 1664 194 1739 ad
224 1589 324 1738 sune
352 1666 429 1764 'ejus
456 1662 577 1737 adom
606 1681 687 1737 tum
712 1673 773 1739 aer
792 1665 854 1741 seu
879 1665 995 1755 calor,
1021 1683 1103 1743 tum
1129 1664 1247 1742 oleosa
1267 1665 1481 1757 substantia,

129 1772 253 1839 tamen
265 1762 385 1864 magis
401 1763 445 1837 ad
461 1761 869 1845 confermentanonem.

129 1868 160 1949 t.
187 1887 225 1958 4,
241 1864 437 1936 Proximus
453 1884 605 1958 quoque
621 1878 746 1935 motor
769 1861 1071 1964 corpusculorum
1089 1880 1299 1937 terreorum
1327 1856 1484 1937 tenuilli-

129 1978 209 2051 um,
236 1983 320 2059 qua:
341 1957 419 2039 salu
443 1957 694 2060 appellamus,
725 1957 777 2034 est
792 1983 901 2059 aqua.
952 1960 1060 2033 Unde
1085 1959 1242 2048 solutio,
1267 1956 1329 2032 seu
1355 1961 1481 2060 potius
1578 2020 1592 2027 ..

129 2056 239 2148 latit),
273 2054 397 2132 salium
420 2058 631 2147 muriatica,
658 2057 781 2132 lixivia
791 2081 967 2158 quoque,
990 2055 1156 2160 &supra
1184 2058 1288 2132 citati-
1309 2056 1482 2155 liquores,

129 2158 243 2259 ’oprie
253 2156 331 2230 olea
344 2180 414 2256 per
432 2155 634 2253 deliquium
651 2153 754 2230 dista.
1560 2244 1565 2255 Ι

129 2270 161 2350 5.
188 2282 220 2345 5.
247 2251 568 2356 Quemadmodum
584 2259 780 2327 autemae‘r
798 2247 1055 2344 motudiffert,
1080 2254 1478 2331 dumviolentiustem·

149 2351 300 2443 aestivo,
333 2352 391 2427 uel
427 2350 555 2426 caloris
585 2349 777 2427 artificialis
809 2350 1058 2442 aduiniculo,
1088 2350 1257 2427 intestine
1285 2374 1479 2443 movetur,

129 2452 331 2548 thyeme3
356 2450 553 2526 violentius
567 2474 636 2553 per
652 2452 819 2554 integros
842 2445 978 2524 fluitur
1002 2450 1163 2526 volvitur
1187 2469 1299 2524 vento
1327 2469 1388 2525 aut
1417 2449 1482 2525 fol·

144 2578 154 2623 :
180 2551 220 2623 in
243 2573 334 2647 aqua
355 2549 473 2625 levius
499 2564 673 2626 movetur
687 2548 840 2651 propria
850 2543 1055 2639 fluiditate,
1089 2574 1171 2648 quae
1188 2564 1308 2623 tamen
1326 2552 1482 2626 intendi·

129 2672 176 2723 er
194 2649 474 2822 variosAEqradus
491 2647 646 2740 caloris,
668 2651 738 2748 qui
754 2649 878 2722 omnia
902 2642 1016 2722 liuida
1044 2646 1210 2725 intestine
1235 2648 1269 2723 8(
1291 2671 1360 2763 per
1375 2650 1483 2723 mini-

129 2769 258 2921 ἶνα.
353 2746 509 2822 mulatur
522 2764 674 2837 tamen,
697 2748 785 2824 licet
798 2770 845 2821 ex
860 2745 1097 2846 longinquo,
1122 2748 1218 2822 hanc
1243 2743 1482 2848 agitationem

165 2865 250 2919 ··no.

129 2954 158 3037 l.
177 2949 211 3019 6.
236 2946 375 3016 Pro-ter
387 2939 490 3016 usum
507 2966 654 3032 autem,
706 2968 793 3017 uem
812 2938 1038 3017 extrinsecus
1057 2963 1128 3035 pro
1145 2940 1401 3016 moderamine
1425 2963 1481 3016 ca-

162 3038 283 3116 raestat
302 3060 394 3133 aqua
412 3042 450 3111 in
464 3043 543 3113 ΜΒ.
557 3066 627 3140 pro
643 2967 855 3113 inducendo
871 3038 1013 3140 frigore
1028 3036 1089 3111 stu
1111 3034 1331 3141 refrigerio,
1366 3042 1404 3114 in
1420 3066 1480 3114 ve·

129 3066 284 3236 siquam
302 3137 411 3207 etiarn
436 3160 588 3248 operam
613 3152 720 3210 navat
743 3139 781 3208 in
806 3136 1033 3209 emollitione
1054 3138 1251 3211 duriorum
1276 3162 1481 3238 corporum

129 3235 248 3313 tabilis
275 3234 308 3308 u
330 3234 494 3307 animalrs
516 3234 657 3335 regni,
682 3233 781 3306 unde
802 3255 987 3317 ,cornuum
1014 3230 1048 3304 de
1073 3231 1201 3308 offium
1236 3235 1478 3332 dentiumque

129 3335 224 3411 natio
245 3330 521 3435 philosophica,
556 3350 664 3429 atque
685 3331 770 3402 inde
794 3328 943 3403 excosta
959 3326 1140 3430 gelatina,
1169 3327 1346 3406 foliorum
1364 3332 1401 3406 8(
1425 3354 1477 3408 ra·

129 3458 160 3509 n
176 3431 342 3509 deeostio
360 3428 597 3530 cataplastiea,
618 3425 679 3502 seu
695 3427 740 3500 ad
754 3426 1023 3599 putrilaqinem.

129 3547 159 3629 ς.
184 3556 220 3628 7.
246 3536 341 3604 Cum
359 3548 483 3603 tamen
499 3524 725 3604 decoctionis
741 3519 870 3599 ellium
914 3524 947 3598 ic
964 3522 1103 3597 incidat
1117 3524 1286 3614 mentio,
1323 3523 1414 3600 libet
1430 3541 1480 3602 at·

129 3654 178 3704 tre
192 3632 372 3702 recentius
389 3628 673 3702 instrumentum
687 3621 909 3726 Anglicum,
942 3620 1026 3697 licet
1046 3622 1083 3694 in
1109 3621 1238 3695 culinis
1261 3625 1482 3725 germanicis

129 3753 180 3817 m,
205 3750 275 3828 pro
292 3727 519 3802 emolliendis
543 3724 692 3813 offibus,
721 3724 824 3822 cujus
842 3744 981 3796 nomen
998 3720 1221 3823 proponitur
1235 3722 1274 3795 in
1286 3720 1385 3798 Attis
1401 3748 1480 3797 eru·

129 3850 203 3900 ann
226 3824 273 3898 Li
301 3821 483 3915 lienlium,
509 3828 612 3924 cujus
635 3820 781 3899 defestu
804 3818 1026 3897 mulierculae
1052 3816 1227 3894 nostrates
1250 3845 1285 3896 v.
1299 3843 1342 3932 g.
1367 3824 1485 3924 Capo-

148 3945 238 3997 cont
278 3946 342 3995 um
369 3940 537 4019 coquunt
559 3924 598 3997 in
624 3921 754 4024 lagena
773 3919 917 3996 stannea
938 3918 977 3993 in
999 3916 1157 3995 ahenum
1177 3940 1281 4017 aquae
1302 3923 1480 3996 terrentis

129 4020 164 4097 'a
215 4025 256 4094 ln
273 4019 344 4092 hoc
357 4022 539 4133 praecipue
586 4019 830 4108 hoenomeno,
853 4017 916 4092 ubi
931 4041 1049 4119 vapor
1065 4041 1202 4116 aqueus
1216 4017 1370 4094 inclusus
1379 4036 1479 4092 tene·

137 4136 182 4193 ut
190 4110 322 4193 modus
333 4142 409 4219 ejus
421 4047 665 4220 progrediens
680 4118 919 4218 impediatur,
941 4112 1405 4219 occurritmagnaintensro
1422 4139 1478 4190 ea·

129 4220 352 4318 uisaqueae,
384 4216 420 4294 δι
440 4214 540 4318 quali
556 4212 852 4317 semi-flammea
870 4215 1020 4390 abgitatio
1032 4268 1052 4305 ,,
1072 4214 1176 4313 cujus
1195 4219 1362 4320 primum
1385 4215 1482 4290 rudi·

777 4382 786 4395 .
923 4337 946 4391 2
1136 4330 1142 4337 ¹
1377 4334 1480 4393 men·
