3472 4822
146 423 420 592 penderit
488 422 576 548 sie
603 452 817 545 veteres
859 418 1144 581 Spagytici
1163 419 1587 583 operationum

147 587 366 714 suarum
399 586 638 709 rationes
674 579 838 703 nobis
872 580 1116 705 tradituri
1163 570 1431 708 llucluant
1477 580 1592 703 ani-

148 753 277 891 mis,
303 749 504 906 aliique
530 747 655 867 alias
671 741 904 869 finxere,
915 743 1461 905 nonnulliambtguis
1473 746 1592 865 bar-

151 909 408 1070 basisque
459 904 743 1030 vocabulis
781 900 1106 1064 posteritatis
1149 901 1591 1069 intelligentiam

132 1072 297 1207 adeo
319 1060 923 1224 retardarunt,ut'quid
955 1059 1050 1183 libi
1081 1065 1360 1190 voluerint
1383 1065 1589 1187 alicubi

16 1288 19 1293 ·
149 1269 331 1358 nemo
361 1227 549 1352 adhuc
568 1228 664 1348 vel
687 1223 960 1384 probabili
994 1230 1315 1385 conjectura
1340 1226 1591 1348 enodare

96 1514 101 1519 .
144 1387 408 1553 potuerit.
462 1387 641 1510 scd&
662 1380 984 1508 mechanica
1026 1384 1592 1560 philosophia,quam·

147 1551 223 1677 vis
241 1547 660 1673 omnialumma
693 1545 745 1669 se
764 1544 1150 1712 perspicuitate
1176 1546 1452 1708 explicate
1471 1549 1594 1706 glo·

112 1709 340 1850 rietur,
358 1712 622 1835 audacius
653 1703 755 1829 sese
784 1708 1048 1869 applicuit
1076 1710 1146 1828 ad
1171 1709 1594 1866 chymicophy·

142 1866 309 1992 ficam
344 1904 531 1993 rerum
562 1869 1119 2029 contemplationem·
1211 1869 1324 1991 Etlt
1346 1866 1501 1988 enim
1521 1871 1596 1988 so

5 2098 7 2102 >
146 2029 331 2151 brium
352 2025 492 2151 illius
518 2026 677 2149 ulum
700 2066 821 2149 non
847 2027 1175 2188 spreverim,
1204 2062 1391 2152 tamen
1418 2029 1594 2150 ullam

104 2335 106 2339 ¹
143 2188 338 2313 lucem
373 2186 508 2311 hinc
534 2189 640 2309 else
658 2190 878 2310 allatam
898 2226 1075 2310 nemo
1096 2184 1265 2329 videt,
1288 2187 1383 2309 nist
1402 2196 1593 2348 praeju-

133 2345 337 2475 dicatis
361 2347 723 2506 opinionibus
751 2378 1083 2469 occoecatus
1161 2348 1389 2510 'Neque
1410 2347 1465 2467 id
1496 2349 1596 2470 mi-

4 2610 10 2627 ,
143 2541 294 2656 turn,
374 2505 567 2627 Haeret
588 2503 929 2664 plerumque
954 2501 1595 2668 dubiaintacloquenu-

139 2664 266 2787 cleo
329 2664 560 2789 cortices
590 2698 783 2786 rerum
814 2665 876 2785 ὅ(
907 2662 1255 2822 superficiem
1282 2664 1496 2799 lambit,
1523 2705 1596 2793 ex

144 2823 594 2990 particularumfi
637 2864 735 2949 ura
787 2824 848 2946 δέ
874 2857 1043 2946 motu
1079 2824 1596 2985 phanomenorum

16 3110 19 3114 ,
143 2987 389 3112 rationes
422 2986 567 3109 abstt
654 3026 708 3108 as
742 2985 868 3107 sane
895 2985 957 3105 ὅ(
976 2985 1398 3145 generaltffimas
1419 2990 1596 3113 dedu·

145 3179 588 3274 cetecontenra,
631 3141 1025 3307 quidmixtum
1057 3146 1136 3285 lit,
1155 3147 1294 3310 quid
1322 3149 1596 3310 compost·

148 3332 271 3429 cum
303 3308 365 3431 &
423 3341 790 3469 aggregatum
833 3341 1061 3465 corpus,
1111 3346 1353 3467 quaque
1386 3346 1596 3435 eorum

148 3499 370 3608 natura,
396 3466 830 3631 proprietates&
846 3462 1291 3604 dilcriminalrnr,
1311 3467 1596 3598 incuriosa.

149 3622 344 3783 Atque
362 3624 496 3748 hinc
521 3628 757 3788 quidem
783 3660 869 3752 tot
892 3622 1136 3749 infelices
1170 3624 1460 3786 phantaliae
1490 3630 1596 3755 chi·

150 3817 348 3905 maras
405 3820 493 3911 tor
526 3824 693 3910 vanas
740 3785 1080 3947 mutilusque
1111 3788 1509 3947 applicationes
1541 3796 1596 3916 in

14 4054 17 4060 .
148 3938 377 4098 chymia
396 3945 653 4095 exstitisse
694 3977 939 4111 apparet.
1020 3942 1115 4067 Ex
1147 3947 1596 4073 eademlolidio·

144 4100 224 4264 ria
261 4098 615 4270 fundamenti
645 4106 961 4281 ignorantia
1000 4107 1217 4242 multos
1249 4145 1463 4398 ettorps
1479 4111 1596 4393 papii

1438 4309 1478 4400 u
1569 4308 1596 4391 e
